timestamp,price,volume,side,type
2026-02-05 21:01:49,467.570000,0.07543457,b,l
2026-02-05 21:02:32,470.340000,0.21690000,b,l
2026-02-05 21:02:32,470.470000,0.10000000,b,l
2026-02-05 21:03:08,472.680000,0.02015839,b,l
2026-02-05 21:03:08,472.680000,0.02015839,b,l
2026-02-05 21:03:08,472.680000,0.02008322,b,l
2026-02-05 21:03:08,472.680000,0.00007517,b,l
2026-02-05 21:03:28,472.580000,0.18560000,b,l
2026-02-05 21:03:28,472.600000,0.25763800,b,l
2026-02-05 21:03:28,472.630000,0.18560000,b,l
2026-02-05 21:03:28,472.700000,0.36482353,b,l
2026-02-05 21:04:00,472.320000,0.04090000,b,l
2026-02-05 21:04:00,472.320000,0.04420000,b,l
2026-02-05 21:04:00,472.320000,0.00008760,b,l
2026-02-05 21:04:19,473.690000,0.07610000,b,l
2026-02-05 21:04:19,473.690000,0.00003870,b,l
2026-02-05 21:04:23,474.670000,0.58131193,b,l
2026-02-05 21:04:23,474.670000,0.18560000,b,l
2026-02-05 21:04:23,474.680000,0.63908807,b,l
2026-02-05 21:04:23,474.690000,0.33897700,b,l
2026-02-05 21:04:23,474.750000,0.18560000,b,l
2026-02-05 21:04:23,474.770000,0.22303116,b,l
2026-02-05 21:04:23,474.800000,0.18560000,b,l
2026-02-05 21:04:23,474.800000,0.36433677,b,l
2026-02-05 21:05:59,473.540000,0.18560000,b,m
2026-02-05 21:05:59,473.550000,2.81440000,b,m
2026-02-05 21:06:25,472.140000,0.31674909,b,l
2026-02-05 21:06:32,472.030000,5.29627354,b,m
2026-02-05 21:07:30,470.890000,0.03286777,s,l
2026-02-05 21:09:09,470.820000,0.10061306,s,m
2026-02-05 21:10:00,470.650000,0.01766264,b,l
2026-02-05 21:10:28,469.970000,0.07613870,s,l
2026-02-05 21:11:05,469.550000,0.13786891,b,m
2026-02-05 21:11:05,469.550000,2.86734839,b,m
2026-02-05 21:11:51,468.500000,0.18560000,s,m
2026-02-05 21:11:51,468.480000,7.29228766,s,m
2026-02-05 21:11:51,468.440000,9.49311594,s,m
2026-02-05 21:11:51,468.430000,0.25415200,s,m
2026-02-05 21:11:51,468.350000,0.97204200,s,m
2026-02-05 21:11:51,468.300000,3.82025299,s,m
2026-02-05 21:11:51,468.260000,0.36041062,s,m
2026-02-05 21:11:51,468.190000,0.18560000,s,m
2026-02-05 21:11:51,468.070000,0.20044688,s,m
2026-02-05 21:11:51,468.060000,0.64093067,s,m
2026-02-05 21:11:51,468.050000,2.43292721,s,m
2026-02-05 21:11:51,468.040000,0.18560000,s,m
2026-02-05 21:11:51,468.020000,3.21749654,s,m
2026-02-05 21:11:51,468.010000,5.31185128,s,m
2026-02-05 21:11:51,467.990000,0.18560000,s,m
2026-02-05 21:11:51,467.950000,2.99600000,s,m
2026-02-05 21:11:51,467.950000,0.10000000,s,m
2026-02-05 21:11:51,467.940000,0.18560000,s,m
2026-02-05 21:11:51,467.870000,2.13730905,s,m
2026-02-05 21:11:51,467.840000,0.18560000,s,m
2026-02-05 21:11:51,467.790000,0.18560000,s,m
2026-02-05 21:11:51,467.780000,4.32025299,s,m
2026-02-05 21:11:51,467.770000,2.67223243,s,m
2026-02-05 21:11:51,467.770000,21.34490085,s,m
2026-02-05 21:11:51,467.770000,1.96442813,s,m
2026-02-05 21:11:51,467.760000,10.62370256,s,m
2026-02-05 21:11:51,467.740000,0.18560000,s,m
2026-02-05 21:11:51,467.640000,0.18560000,s,m
2026-02-05 21:11:51,467.590000,0.18560000,s,m
2026-02-05 21:11:51,467.580000,5.30900000,s,m
2026-02-05 21:11:51,467.570000,7.67200000,s,m
2026-02-05 21:11:51,467.540000,0.18560000,s,m
2026-02-05 21:11:51,467.500000,0.20044687,s,m
2026-02-05 21:11:51,467.500000,0.20044688,s,m
2026-02-05 21:11:51,467.490000,0.18560000,s,m
2026-02-05 21:11:51,467.440000,0.18560000,s,m
2026-02-05 21:11:51,467.410000,0.87714200,s,m
2026-02-05 21:11:51,467.340000,0.18560000,s,m
2026-02-05 21:11:51,467.290000,0.18560000,s,m
2026-02-05 21:11:51,467.290000,0.05493268,s,m
2026-02-05 21:11:51,467.280000,2.74729177,s,m
2026-02-05 21:12:03,468.330000,0.07473363,b,m
2026-02-05 21:15:38,466.240000,0.07613870,s,l
2026-02-05 21:15:43,465.800000,0.18560000,s,l
2026-02-05 21:15:43,465.790000,0.01662796,s,l
2026-02-05 21:15:45,465.950000,0.18560000,b,l
2026-02-05 21:15:45,466.000000,0.50000000,b,l
2026-02-05 21:15:45,466.070000,0.18560000,b,l
2026-02-05 21:15:45,466.120000,0.12881718,b,l
2026-02-05 21:15:47,465.510000,0.22701280,s,l
2026-02-05 21:16:08,467.170000,0.04883892,b,l
2026-02-05 21:16:10,467.170000,0.13676108,b,l
2026-02-05 21:16:10,467.170000,0.24400741,b,l
2026-02-05 21:16:21,467.270000,0.18560000,b,m
2026-02-05 21:16:21,467.310000,0.22433700,b,m
2026-02-05 21:16:21,467.330000,3.82025299,b,m
2026-02-05 21:16:21,467.340000,0.04947348,b,m
2026-02-05 21:16:49,466.490000,0.03020994,b,l
2026-02-05 21:21:31,465.200000,0.23938500,s,l
2026-02-05 21:22:56,465.550000,0.18560000,s,l
2026-02-05 21:22:56,465.540000,0.22467200,s,l
2026-02-05 21:22:56,465.490000,0.18560000,s,l
2026-02-05 21:22:56,465.440000,0.18560000,s,l
2026-02-05 21:22:56,465.390000,0.18560000,s,l
2026-02-05 21:22:56,465.390000,0.03210147,s,l
2026-02-05 21:23:48,469.970000,0.07613870,b,l
2026-02-05 21:24:15,470.080000,0.04243851,b,m
2026-02-05 21:27:20,466.240000,0.04420000,s,l
2026-02-05 21:27:20,466.240000,0.03190000,s,l
2026-02-05 21:27:20,466.240000,0.00003870,s,l
2026-02-05 21:27:22,465.440000,1.80000000,s,l
2026-02-05 21:27:42,465.440000,0.02718095,s,l
2026-02-05 21:28:04,466.650000,0.04538773,s,l
2026-02-05 21:28:32,467.080000,0.03571787,s,l
2026-02-05 21:30:17,469.970000,0.07610000,b,l
2026-02-05 21:30:17,469.970000,0.00003870,b,l
2026-02-05 21:30:31,469.500000,0.04420000,s,l
2026-02-05 21:30:31,469.500000,0.38178509,s,l
2026-02-05 21:30:43,469.550000,0.06567875,b,l
2026-02-05 21:31:39,469.380000,0.18560000,s,l
2026-02-05 21:31:39,469.310000,0.05125634,s,l
2026-02-05 21:33:31,468.110000,0.18560000,s,m
2026-02-05 21:33:31,468.100000,2.87100000,s,m
2026-02-05 21:33:31,467.980000,0.23994991,s,m
2026-02-05 21:33:31,467.910000,0.18560000,s,m
2026-02-05 21:33:31,467.890000,3.21838698,s,m
2026-02-05 21:33:31,467.870000,4.60830107,s,m
2026-02-05 21:35:23,466.870000,0.99798862,s,m
2026-02-05 21:36:45,466.240000,0.07613870,s,l
2026-02-05 21:37:55,466.010000,0.21458766,s,l
2026-02-05 21:37:55,466.010000,0.18560000,s,l
2026-02-05 21:37:55,466.010000,1.19128605,s,l
2026-02-05 21:40:35,467.770000,0.18560000,b,l
2026-02-05 21:40:35,467.810000,0.26513600,b,l
2026-02-05 21:40:35,467.840000,0.04926400,b,l
2026-02-05 21:41:28,467.780000,0.18560000,s,l
2026-02-05 21:41:28,467.750000,4.81383751,s,l
2026-02-05 21:41:43,468.440000,0.04506777,b,l
2026-02-05 21:42:04,468.500000,0.18560000,b,l
2026-02-05 21:42:04,468.540000,0.50000000,b,l
2026-02-05 21:42:04,468.580000,0.50000000,b,l
2026-02-05 21:42:04,468.620000,0.50000000,b,l
2026-02-05 21:42:04,468.660000,0.18560000,b,l
2026-02-05 21:42:04,468.690000,0.43806441,b,l
2026-02-05 21:42:04,468.780000,0.20167893,b,l
2026-02-05 21:42:04,468.780000,0.16419202,b,l
2026-02-05 21:42:22,468.850000,1.42200000,b,l
2026-02-05 21:42:22,468.860000,0.63984984,b,l
2026-02-05 21:42:22,468.880000,0.26771500,b,l
2026-02-05 21:42:22,468.890000,0.36201429,b,l
2026-02-05 21:43:25,467.480000,0.32141500,s,l
2026-02-05 21:43:46,466.920000,2.10000000,s,l
2026-02-05 21:43:48,466.920000,0.04169451,s,l
2026-02-05 21:48:12,466.510000,0.00850222,b,l
2026-02-05 21:51:05,463.790000,0.18560000,b,l
2026-02-05 21:51:05,463.830000,0.28561800,b,l
2026-02-05 21:51:05,463.860000,0.64675797,b,l
2026-02-05 21:51:05,463.910000,1.11440800,b,l
2026-02-05 21:51:05,463.970000,0.18560000,b,l
2026-02-05 21:51:05,464.000000,0.18286641,b,l
2026-02-05 21:51:05,464.030000,3.24491404,b,l
2026-02-05 21:51:05,463.770000,0.37161115,b,l
2026-02-05 21:52:34,462.520000,0.07613870,s,l
2026-02-05 21:52:45,461.600000,0.21458766,b,l
2026-02-05 21:55:05,462.950000,0.18560000,s,l
2026-02-05 21:57:01,460.560000,0.04350000,b,l
2026-02-05 21:57:44,461.760000,0.03225246,b,l
2026-02-05 21:57:55,461.410000,0.13402917,b,l
2026-02-05 21:58:13,461.220000,0.18560000,s,l
2026-02-05 21:58:13,461.220000,1.82589907,b,l
2026-02-05 21:58:19,461.220000,0.18420000,b,l
2026-02-05 21:58:19,461.220000,0.56000093,b,l
2026-02-05 21:58:44,461.690000,0.54000000,b,l
2026-02-05 21:58:44,461.690000,2.46000000,b,l
2026-02-05 21:59:33,461.790000,2.75380000,s,l
2026-02-05 22:00:45,461.900000,3.00000000,b,l
2026-02-05 22:02:20,461.780000,0.18560000,s,l
2026-02-05 22:02:20,461.740000,0.01440000,s,l
2026-02-05 22:02:22,462.380000,0.12983078,b,m
2026-02-05 22:02:51,461.710000,0.02165252,b,m
2026-02-05 22:03:09,462.180000,0.01514889,b,m
2026-02-05 22:04:16,462.110000,0.08364321,b,l
2026-02-05 22:04:18,462.120000,0.05640000,b,l
2026-02-05 22:04:18,462.120000,0.65330000,b,l
2026-02-05 22:04:18,462.120000,0.25360000,b,l
2026-02-05 22:04:18,462.120000,0.06230000,b,l
2026-02-05 22:04:18,462.120000,0.65030000,b,l
2026-02-05 22:04:18,462.120000,0.80900000,b,l
2026-02-05 22:04:18,462.120000,0.18950000,b,l
2026-02-05 22:04:18,462.120000,0.07240000,b,l
2026-02-05 22:05:43,463.000000,0.03685379,s,m
2026-02-05 22:06:09,461.940000,9.49311594,s,l
2026-02-05 22:06:36,462.380000,5.59853985,b,l
2026-02-05 22:07:11,460.970000,0.18560000,s,l
2026-02-05 22:07:11,460.940000,0.37161551,s,l
2026-02-05 22:08:03,461.010000,1.68051483,s,l
2026-02-05 22:08:22,460.100000,0.08402574,s,l
2026-02-05 22:08:22,460.100000,0.08402574,s,l
2026-02-05 22:08:22,460.100000,0.83190000,s,l
2026-02-05 22:08:22,460.100000,0.00004852,s,l
2026-02-05 22:08:23,460.000000,1.10000000,s,l
2026-02-05 22:08:23,460.000000,1.10000000,s,l
2026-02-05 22:08:23,460.000000,0.80000000,s,l
2026-02-05 22:08:23,460.000000,1.00000000,s,l
2026-02-05 22:08:24,459.800000,0.11490000,s,l
2026-02-05 22:08:24,459.800000,0.09091775,s,l
2026-02-05 22:08:34,460.600000,0.19116031,s,l
2026-02-05 22:08:34,460.600000,0.19116032,s,l
2026-02-05 22:08:34,460.600000,0.18560000,s,l
2026-02-05 22:08:34,460.550000,2.19157937,s,l
2026-02-05 22:10:01,464.930000,0.09090000,b,l
2026-02-05 22:10:01,464.930000,1.10000000,b,l
2026-02-05 22:10:01,464.930000,0.45390000,b,l
2026-02-05 22:10:01,464.930000,1.10000000,b,l
2026-02-05 22:10:07,465.690000,0.18560000,b,l
2026-02-05 22:10:07,465.720000,0.18560000,b,l
2026-02-05 22:10:07,465.730000,0.27721687,b,l
2026-02-05 22:10:44,464.670000,0.12783266,b,m
2026-02-05 22:11:13,463.560000,0.18560000,s,l
2026-02-05 22:11:13,463.550000,2.55610000,s,l
2026-02-05 22:14:47,463.590000,0.18560000,s,l
2026-02-05 22:14:47,463.550000,0.01764903,s,l
2026-02-05 22:15:04,464.270000,0.18560000,b,m
2026-02-05 22:15:04,464.280000,0.00683098,b,m
2026-02-05 22:17:19,461.010000,0.01084575,b,m
2026-02-05 22:17:53,459.010000,0.18560000,b,l
2026-02-05 22:17:53,459.050000,0.18519257,b,l
2026-02-05 22:17:53,459.050000,0.18519257,b,l
2026-02-05 22:17:53,459.140000,0.18560000,b,l
2026-02-05 22:17:53,459.280000,3.27861232,b,l
2026-02-05 22:17:53,459.290000,7.29228766,b,l
2026-02-05 22:17:53,459.340000,0.65311752,b,l
2026-02-05 22:17:53,459.370000,0.18519257,b,l
2026-02-05 22:17:53,459.370000,0.18519257,b,l
2026-02-05 22:17:53,459.530000,17.28500000,b,l
2026-02-05 22:17:53,459.530000,4.50759432,b,l
2026-02-05 22:17:53,459.550000,0.18560000,b,l
2026-02-05 22:17:56,458.790000,0.07613870,s,l
2026-02-05 22:17:56,458.590000,0.01852126,s,l
2026-02-05 22:17:56,458.580000,0.18560000,s,l
2026-02-05 22:17:56,458.570000,0.22710283,s,l
2026-02-05 22:19:12,458.000000,1.10000000,s,l
2026-02-05 22:19:12,458.000000,0.45390000,s,l
2026-02-05 22:19:12,458.000000,1.10000000,s,l
2026-02-05 22:19:12,458.000000,2.72290272,s,l
2026-02-05 22:19:12,458.000000,2.25253438,s,l
2026-02-05 22:19:12,458.000000,0.65580035,s,l
2026-02-05 22:19:12,458.000000,1.10000000,s,l
2026-02-05 22:19:12,458.000000,0.61486255,s,l
2026-02-05 22:19:12,458.000000,5.93544962,s,l
2026-02-05 22:19:13,458.000000,1.10000000,s,l
2026-02-05 22:19:15,458.000000,2.68600514,s,m
2026-02-05 22:19:15,458.000000,0.27854524,s,m
2026-02-05 22:19:15,457.700000,0.00685369,s,m
2026-02-05 22:19:28,459.500000,0.04390000,b,l
2026-02-05 22:19:28,459.500000,0.00002802,b,l
2026-02-05 22:19:28,459.770000,0.01796713,b,l
2026-02-05 22:20:35,459.910000,0.02100582,b,l
2026-02-05 22:22:36,459.960000,0.05737123,b,l
2026-02-05 22:23:39,458.920000,0.07702880,b,l
2026-02-05 22:24:01,459.030000,0.06595170,b,l
2026-02-05 22:24:47,459.130000,0.18560000,s,l
2026-02-05 22:24:47,459.090000,0.21131600,s,l
2026-02-05 22:24:47,459.050000,0.36880857,s,l
2026-02-05 22:24:47,459.040000,0.27118470,s,l
2026-02-05 22:25:01,459.700000,0.05060000,b,l
2026-02-05 22:25:01,459.700000,0.17880612,b,l
2026-02-05 22:25:01,459.710000,0.05060000,b,l
2026-02-05 22:25:01,459.710000,0.00007220,b,l
2026-02-05 22:25:01,459.910000,0.06990000,b,l
2026-02-05 22:25:01,459.910000,0.00005597,b,l
2026-02-05 22:25:26,460.140000,0.08071656,b,l
2026-02-05 22:25:26,460.300000,0.13699878,b,l
2026-02-05 22:26:42,460.610000,0.05456079,b,l
2026-02-05 22:26:42,460.670000,0.05132882,b,l
2026-02-05 22:27:42,460.520000,1.58640872,s,l
2026-02-05 22:27:45,460.940000,0.04840000,b,l
2026-02-05 22:27:45,460.940000,0.00007759,b,l
2026-02-05 22:27:46,461.180000,0.08540000,b,l
2026-02-05 22:27:46,461.180000,0.00008429,b,l
2026-02-05 22:27:53,460.500000,0.21710000,b,l
2026-02-05 22:27:53,460.500000,0.00004740,b,l
2026-02-05 22:28:03,461.490000,0.07858779,b,l
2026-02-05 22:28:13,462.520000,0.07613870,b,l
2026-02-05 22:28:14,462.760000,0.03969401,b,l
2026-02-05 22:28:35,466.240000,0.07613870,b,l
2026-02-05 22:29:04,467.690000,0.22303116,b,l
2026-02-05 22:29:25,467.910000,0.36749527,s,l
2026-02-05 22:29:25,467.810000,1.02828061,b,l
2026-02-05 22:29:25,467.810000,1.33272412,b,l
2026-02-05 22:30:11,467.460000,0.02280000,b,l
2026-02-05 22:30:27,468.940000,0.54218803,s,l
2026-02-05 22:30:28,468.840000,5.76805300,s,l
2026-02-05 22:30:28,468.540000,0.09704716,s,l
2026-02-05 22:30:28,468.530000,2.13085586,s,l
2026-02-05 22:30:28,468.520000,0.01406014,s,l
2026-02-05 22:30:32,468.980000,0.03278093,b,l
2026-02-05 22:30:32,468.980000,0.21583400,b,l
2026-02-05 22:30:33,469.300000,0.36316292,s,l
2026-02-05 22:30:35,469.960000,0.18960840,b,l
2026-02-05 22:32:53,464.990000,5.39631429,b,l
2026-02-05 22:32:58,465.190000,0.03095136,b,l
2026-02-05 22:33:24,463.930000,3.24562570,s,l
2026-02-05 22:33:24,463.920000,21.53120983,s,l
2026-02-05 22:33:24,463.880000,4.79659429,s,l
2026-02-05 22:33:24,463.880000,0.64671897,s,l
2026-02-05 22:33:24,463.830000,0.37409903,s,l
2026-02-05 22:33:24,463.510000,0.43046856,s,l
2026-02-05 22:33:24,463.450000,0.18248851,s,l
2026-02-05 22:33:24,463.450000,0.18248851,s,l
2026-02-05 22:33:24,463.440000,2.69718468,s,l
2026-02-05 22:33:24,463.440000,2.69718468,s,l
2026-02-05 22:33:24,463.360000,12.94867678,s,l
2026-02-05 22:33:24,463.890000,3.82025299,s,l
2026-02-05 22:33:57,464.530000,0.09704716,b,l
2026-02-05 22:33:57,464.540000,0.13143978,b,l
2026-02-05 22:34:31,464.920000,0.03319930,b,l
2026-02-05 22:34:47,464.960000,0.18916079,b,m
2026-02-05 22:34:47,465.000000,1.81083921,b,m
2026-02-05 22:35:13,464.160000,1.71806044,s,l
2026-02-05 22:35:23,463.620000,0.05003013,s,l
2026-02-05 22:37:55,464.260000,1.20189947,s,m
2026-02-05 22:40:24,464.680000,0.18203264,b,m
2026-02-05 22:40:24,464.680000,0.18203264,b,m
2026-02-05 22:40:24,464.850000,0.04514606,b,m
2026-02-05 22:41:56,464.910000,0.04493438,b,l
2026-02-05 22:41:57,464.910000,0.01815104,b,l
2026-02-05 22:41:57,465.010000,0.08027128,b,l
2026-02-05 22:42:00,465.010000,0.00023207,b,l
2026-02-05 22:44:14,465.180000,0.03891163,b,l
2026-02-05 22:44:50,464.880000,0.37560618,s,l
2026-02-05 22:44:50,464.730000,0.64553300,s,l
2026-02-05 22:45:13,464.960000,0.10493587,b,l
2026-02-05 22:47:10,464.200000,0.06359210,b,l
2026-02-05 22:48:29,464.560000,0.85994689,b,l
2026-02-05 22:48:29,464.570000,0.05419774,b,l
2026-02-05 22:49:06,464.670000,0.12082483,b,l
2026-02-05 22:49:18,464.400000,5.59800000,s,l
2026-02-05 22:49:24,464.400000,0.40200000,b,l
2026-02-05 22:51:33,464.900000,0.04784652,b,l
2026-02-05 22:51:55,465.220000,0.03112398,b,l
2026-02-05 22:51:55,465.280000,0.05833874,b,l
2026-02-05 22:51:59,465.390000,0.04105050,s,l
2026-02-05 22:52:05,465.400000,0.26942218,b,l
2026-02-05 22:52:11,465.600000,0.01761610,b,l
2026-02-05 22:52:22,466.700000,0.05227900,b,l
2026-02-05 22:52:48,465.750000,0.18230917,b,l
2026-02-05 22:53:40,467.170000,0.02435192,b,l
2026-02-05 22:56:06,465.520000,1.38868970,s,l
2026-02-05 22:56:35,465.170000,0.18351927,b,l
2026-02-05 22:56:36,465.170000,0.18361000,b,l
2026-02-05 22:57:55,465.580000,0.06655929,b,l
2026-02-05 22:58:13,465.060000,0.18364978,b,l
2026-02-05 22:59:43,464.730000,0.12056184,b,l
2026-02-05 22:59:44,464.530000,0.12056184,b,l
2026-02-05 22:59:44,464.530000,0.04573641,b,l
2026-02-05 22:59:44,464.530000,0.07482543,b,l
2026-02-05 23:01:07,463.670000,0.01177635,s,l
2026-02-05 23:01:15,463.260000,0.14771319,s,l
2026-02-05 23:01:34,462.660000,0.00250000,s,l
2026-02-05 23:02:29,464.450000,0.02863825,b,l
2026-02-05 23:02:29,464.480000,0.03277044,b,l
2026-02-05 23:03:00,465.500000,0.07567725,b,l
2026-02-05 23:03:37,467.000000,0.21404568,s,l
2026-02-05 23:03:41,467.070000,0.14901596,s,l
2026-02-05 23:04:42,468.890000,0.01168750,b,l
2026-02-05 23:05:12,469.970000,0.07613870,b,l
2026-02-05 23:05:38,469.990000,0.59970000,b,l
2026-02-05 23:05:54,468.280000,0.06101217,s,l
2026-02-05 23:06:00,468.260000,0.01051046,s,l
2026-02-05 23:06:02,468.260000,1.58507000,s,l
2026-02-05 23:06:03,468.260000,0.00000650,s,l
2026-02-05 23:09:26,467.890000,0.18197515,b,l
2026-02-05 23:09:26,467.940000,0.07584073,b,l
2026-02-05 23:09:26,468.210000,1.74218412,b,l
2026-02-05 23:09:36,468.500000,0.02013907,b,l
2026-02-05 23:10:39,469.130000,0.01944806,b,l
2026-02-05 23:10:39,469.220000,0.02430000,b,l
2026-02-05 23:10:39,469.220000,0.00001614,b,l
2026-02-05 23:12:19,468.920000,0.08580000,b,l
2026-02-05 23:12:19,468.920000,0.00002504,b,l
2026-02-05 23:13:02,468.290000,0.18080395,b,l
2026-02-05 23:15:18,468.300000,0.18153457,b,l
2026-02-05 23:15:38,468.740000,0.18101807,b,l
2026-02-05 23:15:38,468.740000,0.03121273,b,l
2026-02-05 23:15:42,468.530000,0.18101807,b,l
2026-02-05 23:16:04,468.200000,0.18101807,b,l
2026-02-05 23:16:04,468.220000,0.18101807,b,l
2026-02-05 23:16:07,468.010000,0.18101807,b,l
2026-02-05 23:16:07,468.010000,0.18083705,b,l
2026-02-05 23:16:10,468.330000,0.18101807,b,l
2026-02-05 23:16:10,468.330000,0.18101807,b,l
2026-02-05 23:16:17,467.900000,0.18101807,b,l
2026-02-05 23:16:17,467.900000,0.18101807,b,l
2026-02-05 23:16:23,467.660000,0.02133170,b,l
2026-02-05 23:16:36,466.900000,0.18101807,b,l
2026-02-05 23:16:36,466.900000,0.18101807,b,l
2026-02-05 23:16:36,466.900000,0.18239721,b,l
2026-02-05 23:16:40,466.840000,0.18249590,b,l
2026-02-05 23:16:40,466.860000,0.13851253,b,l
2026-02-05 23:16:58,466.490000,0.19400000,b,l
2026-02-05 23:16:58,466.500000,0.18249590,b,l
2026-02-05 23:16:58,466.500000,0.18249590,b,l
2026-02-05 23:16:58,466.710000,0.05689831,b,l
2026-02-05 23:17:43,466.950000,0.05633225,b,l
2026-02-05 23:18:48,466.240000,0.07613870,s,l
2026-02-05 23:20:00,465.590000,0.18301509,b,l
2026-02-05 23:20:00,465.590000,0.18301509,b,l
2026-02-05 23:20:00,465.810000,0.19400000,b,l
2026-02-05 23:20:09,465.840000,0.48398241,s,l
2026-02-05 23:20:09,465.840000,0.02931731,s,l
2026-02-05 23:21:09,464.240000,0.18383328,b,l
2026-02-05 23:25:05,463.970000,0.03513365,b,l
2026-02-05 23:25:06,463.990000,0.08011000,b,l
2026-02-05 23:25:06,463.990000,0.00000308,b,l
2026-02-05 23:25:06,464.170000,0.03935356,b,l
2026-02-05 23:25:20,464.170000,0.18500325,b,l
2026-02-05 23:25:20,464.170000,0.18500288,b,l
2026-02-05 23:27:24,464.930000,0.08216626,s,l
2026-02-05 23:28:01,464.970000,0.08240000,b,l
2026-02-05 23:28:01,464.970000,0.00008532,b,l
2026-02-05 23:29:22,465.420000,0.03283025,b,l
2026-02-05 23:29:22,465.460000,0.05658572,b,l
2026-02-05 23:29:43,465.590000,0.07387247,b,l
2026-02-05 23:31:26,465.970000,0.05209621,b,l
2026-02-05 23:31:38,466.020000,0.01593411,b,l
2026-02-05 23:31:39,466.180000,0.03954495,b,l
2026-02-05 23:31:41,466.570000,0.06045008,b,l
2026-02-05 23:32:02,466.830000,0.06896773,s,l
2026-02-05 23:32:24,465.890000,0.18256279,b,l
2026-02-05 23:33:52,464.950000,0.03667452,s,l
2026-02-05 23:34:02,464.560000,0.02909503,b,l
2026-02-05 23:34:13,464.090000,0.18420833,b,l
2026-02-05 23:34:13,464.180000,0.18420829,b,l
2026-02-05 23:34:13,464.250000,0.19296039,b,l
2026-02-05 23:34:13,464.260000,0.19400000,b,l
2026-02-05 23:34:13,464.340000,0.24463946,b,l
2026-02-05 23:35:12,462.870000,0.43460000,s,l
2026-02-05 23:35:12,462.870000,0.46350000,s,l
2026-02-05 23:35:13,462.870000,0.62406971,s,l
2026-02-05 23:35:14,462.520000,0.07613870,s,l
2026-02-05 23:35:27,462.020000,0.35191000,s,l
2026-02-05 23:35:30,461.800000,0.18520823,b,l
2026-02-05 23:35:30,461.800000,0.13794177,b,l
2026-02-05 23:36:13,460.850000,0.44263149,s,l
2026-02-05 23:36:13,460.790000,0.65105579,s,l
2026-02-05 23:37:02,460.810000,0.00749439,s,l
2026-02-05 23:37:13,460.640000,0.00209775,b,l
2026-02-05 23:37:24,460.490000,0.00209898,b,l
2026-02-05 23:37:37,460.540000,0.00210347,b,l
2026-02-05 23:37:47,460.500000,0.00210324,b,l
2026-02-05 23:37:57,460.800000,0.00209675,b,l
2026-02-05 23:38:14,460.850000,0.00210670,b,l
2026-02-05 23:38:16,460.850000,0.01550000,b,l
2026-02-05 23:38:16,460.850000,0.00002552,b,l
2026-02-05 23:38:16,460.960000,0.02842796,b,l
2026-02-05 23:38:38,460.530000,0.00222986,b,l
2026-02-05 23:39:38,460.390000,0.16050000,s,l
2026-02-05 23:39:38,460.390000,2.00000000,s,l
2026-02-05 23:39:38,460.390000,0.63600000,s,l
2026-02-05 23:39:38,460.390000,1.15000000,s,l
2026-02-05 23:39:38,460.390000,0.48393187,s,l
2026-02-05 23:39:38,460.390000,0.03190000,s,l
2026-02-05 23:39:38,460.390000,0.60880000,s,l
2026-02-05 23:39:40,460.390000,0.00481005,s,l
2026-02-05 23:39:44,460.390000,0.14350000,s,l
2026-02-05 23:39:58,460.390000,0.00004590,s,l
2026-02-05 23:40:03,460.090000,0.05040221,s,l
2026-02-05 23:40:03,460.000000,0.01199779,s,l
2026-02-05 23:40:08,460.000000,0.00000221,s,l
2026-02-05 23:40:56,458.930000,0.19561200,s,l
2026-02-05 23:40:56,458.880000,0.44721155,s,l
2026-02-05 23:41:17,459.280000,0.15025269,b,l
2026-02-05 23:41:49,458.790000,0.07613870,s,l
2026-02-05 23:41:49,458.570000,0.22700000,s,l
2026-02-05 23:41:49,458.570000,0.00001185,s,l
2026-02-05 23:41:53,457.160000,0.00828146,s,l
2026-02-05 23:42:57,458.560000,0.19400000,s,l
2026-02-05 23:42:57,458.530000,7.29228766,s,l
2026-02-05 23:42:57,458.520000,0.65427898,s,l
2026-02-05 23:42:57,458.510000,0.19400000,s,l
2026-02-05 23:42:57,458.470000,6.50534400,s,l
2026-02-05 23:42:57,458.450000,3.82025299,s,l
2026-02-05 23:42:57,458.440000,0.19400000,s,l
2026-02-05 23:42:57,458.410000,9.49311594,s,l
2026-02-05 23:42:57,458.350000,0.43574211,s,l
2026-02-05 23:42:57,458.340000,0.19400000,s,l
2026-02-05 23:42:57,458.320000,1.89875372,s,l
2026-02-05 23:42:57,458.300000,0.96804000,s,l
2026-02-05 23:42:57,458.190000,0.19400000,s,l
2026-02-05 23:42:57,458.180000,2.18253800,s,l
2026-02-05 23:42:57,458.350000,0.18320900,s,l
2026-02-05 23:42:57,458.110000,0.10000000,s,l
2026-02-05 23:42:57,458.090000,3.28758327,s,l
2026-02-05 23:42:57,458.080000,7.73606867,s,l
2026-02-05 23:42:57,458.080000,1.15000000,s,l
2026-02-05 23:43:05,458.060000,0.21850849,s,l
2026-02-05 23:43:06,457.530000,0.02219315,s,l
2026-02-05 23:43:46,458.420000,0.19400000,b,l
2026-02-05 23:44:39,458.180000,0.25788390,b,l
2026-02-05 23:44:42,458.240000,0.25788390,b,l
2026-02-05 23:44:44,458.230000,0.08263430,b,l
2026-02-05 23:44:53,457.890000,0.25788391,b,l
2026-02-05 23:45:05,458.480000,0.19400000,s,l
2026-02-05 23:45:05,458.440000,7.29228766,s,l
2026-02-05 23:45:05,458.430000,0.19400000,s,l
2026-02-05 23:45:05,458.320000,0.22920000,s,l
2026-02-05 23:45:06,457.870000,0.19400000,s,l
2026-02-05 23:45:06,457.820000,0.19400000,s,l
2026-02-05 23:45:06,457.730000,3.29020756,s,l
2026-02-05 23:45:06,457.730000,21.82149414,s,l
2026-02-05 23:45:12,457.800000,0.25801292,b,l
2026-02-05 23:45:12,457.800000,0.25801291,b,l
2026-02-05 23:46:21,458.130000,0.06868362,b,l
2026-02-05 23:46:21,458.310000,0.06195070,b,l
2026-02-05 23:46:21,458.470000,0.25857655,b,l
2026-02-05 23:46:21,458.490000,0.19400000,b,l
2026-02-05 23:46:21,458.490000,0.10000000,b,l
2026-02-05 23:46:31,458.700000,0.19400000,b,l
2026-02-05 23:46:53,458.850000,0.25857655,b,l
2026-02-05 23:46:53,458.850000,0.25857655,b,l
2026-02-05 23:46:53,458.850000,0.19400000,b,l
2026-02-05 23:46:53,458.930000,0.19400000,b,l
2026-02-05 23:46:53,458.940000,0.07504440,b,l
2026-02-05 23:46:53,458.960000,0.10000000,b,l
2026-02-05 23:46:53,458.980000,0.19400000,b,l
2026-02-05 23:46:53,458.980000,0.04532490,b,l
2026-02-05 23:46:53,459.000000,0.25857655,b,l
2026-02-05 23:46:53,459.000000,0.25857655,b,l
2026-02-05 23:46:53,459.030000,0.19400000,b,l
2026-02-05 23:46:53,459.080000,0.54719406,b,l
2026-02-05 23:47:15,459.000000,0.25857655,b,l
2026-02-05 23:47:15,459.000000,0.25857655,b,l
2026-02-05 23:47:15,459.120000,0.10000000,b,l
2026-02-05 23:47:15,459.170000,0.19400000,b,l
2026-02-05 23:47:15,459.190000,0.01130612,b,l
2026-02-05 23:47:15,459.280000,0.19400000,b,l
2026-02-05 23:47:15,459.290000,0.08807828,b,l
2026-02-05 23:47:15,459.300000,0.25857655,b,l
2026-02-05 23:47:15,459.300000,0.25857655,b,l
2026-02-05 23:47:15,459.370000,0.32141702,b,l
2026-02-05 23:47:15,459.380000,0.14392837,b,l
2026-02-05 23:47:15,459.380000,0.19400000,b,l
2026-02-05 23:47:15,459.430000,0.19400000,b,l
2026-02-05 23:47:15,459.480000,0.19400000,b,l
2026-02-05 23:47:15,459.480000,0.40465461,b,l
2026-02-05 23:47:15,459.110000,0.25850000,b,l
2026-02-05 23:47:15,459.110000,0.00007655,b,l
2026-02-05 23:47:15,459.110000,0.25857655,b,l
2026-02-05 23:47:15,459.260000,0.10000000,b,l
2026-02-05 23:47:15,459.480000,0.24826997,b,l
2026-02-05 23:47:15,459.690000,5.45300000,b,l
2026-02-05 23:47:15,460.030000,0.19400000,b,l
2026-02-05 23:47:15,460.070000,0.61715310,b,l
2026-02-05 23:47:16,459.710000,0.25857655,b,l
2026-02-05 23:47:16,459.710000,0.25857655,b,l
2026-02-05 23:47:16,459.710000,0.19400000,b,l
2026-02-05 23:47:16,459.900000,0.19400000,b,l
2026-02-05 23:47:16,459.900000,0.25857655,b,l
2026-02-05 23:47:16,459.900000,0.25857655,b,l
2026-02-05 23:47:16,460.110000,0.19400000,b,l
2026-02-05 23:47:16,460.160000,0.19400000,b,l
2026-02-05 23:47:16,460.200000,0.08269380,b,l
2026-02-05 23:47:16,459.700000,0.19400000,b,l
2026-02-05 23:47:16,459.710000,0.25857655,b,l
2026-02-05 23:47:16,459.710000,0.25857655,b,l
2026-02-05 23:47:16,459.710000,0.19400000,b,l
2026-02-05 23:47:39,459.110000,0.25677163,b,l
2026-02-05 23:47:39,459.110000,0.19400000,b,l
2026-02-05 23:48:31,458.510000,2.18122965,s,l
2026-02-05 23:48:41,457.690000,0.15012872,b,l
2026-02-05 23:49:10,459.000000,0.25774258,b,l
2026-02-05 23:49:10,459.000000,0.25774263,b,l
2026-02-05 23:49:10,459.000000,0.19400000,b,l
2026-02-05 23:49:10,459.080000,0.19400000,b,l
2026-02-05 23:49:10,459.120000,0.43901514,b,l
2026-02-05 23:49:10,459.150000,0.19400000,b,l
2026-02-05 23:49:10,459.160000,0.03532789,b,l
2026-02-05 23:49:10,459.200000,0.19400000,b,l
2026-02-05 23:49:10,459.270000,0.19400000,b,l
2026-02-05 23:49:10,459.270000,0.10000000,b,l
2026-02-05 23:49:10,459.300000,0.08972784,b,l
2026-02-05 23:49:10,459.300000,0.25774263,b,l
2026-02-05 23:49:10,459.300000,0.25774258,b,l
2026-02-05 23:49:10,459.370000,0.55378695,b,l
2026-02-05 23:49:10,459.020000,0.25774258,b,l
2026-02-05 23:49:10,459.020000,0.25774263,b,l
2026-02-05 23:49:10,459.370000,0.43827844,b,l
2026-02-05 23:49:10,459.380000,0.14475959,b,l
2026-02-05 23:49:10,459.410000,0.65302131,b,l
2026-02-05 23:49:10,459.520000,0.19400000,b,l
2026-02-05 23:49:10,459.570000,0.19400000,b,l
2026-02-05 23:49:10,459.600000,0.25774258,b,l
2026-02-05 23:49:10,459.620000,0.19400000,b,l
2026-02-05 23:49:10,459.670000,0.19400000,b,l
2026-02-05 23:49:10,459.750000,0.05707511,b,l
2026-02-05 23:49:10,459.970000,2.56451791,b,l
2026-02-05 23:49:10,460.220000,0.07894144,b,l
2026-02-05 23:49:10,460.240000,13.03685206,b,l
2026-02-05 23:49:10,460.270000,0.19400000,b,l
2026-02-05 23:49:10,460.320000,0.19400000,b,l
2026-02-05 23:49:10,459.360000,0.10000000,b,l
2026-02-05 23:49:10,460.280000,0.19400000,b,l
2026-02-05 23:49:10,460.320000,0.25774258,b,l
2026-02-05 23:49:10,460.470000,0.19400000,b,l
2026-02-05 23:49:10,460.500000,0.25774258,b,l
2026-02-05 23:50:29,458.240000,0.19400000,s,l
2026-02-05 23:51:34,458.000000,2.36790799,s,l
2026-02-05 23:51:35,457.860000,0.10000000,s,l
2026-02-05 23:51:35,457.840000,0.65524122,s,l
2026-02-05 23:51:35,457.710000,2.18475833,s,l
2026-02-05 23:52:42,455.690000,0.19400000,b,l
2026-02-05 23:52:42,455.720000,0.25751645,b,l
2026-02-05 23:52:42,455.720000,0.15079498,b,l
2026-02-05 23:52:42,455.720000,0.10672151,b,l
2026-02-05 23:52:42,456.000000,0.25751649,b,l
2026-02-05 23:52:42,456.000000,0.06707991,b,l
2026-02-05 23:52:47,455.440000,9.49311594,s,l
2026-02-05 23:52:47,455.420000,4.79264166,s,l
2026-02-05 23:52:49,455.410000,0.00645830,b,l
2026-02-05 23:52:49,455.400000,0.20487923,s,l
2026-02-05 23:53:28,455.070000,0.07613870,s,m
2026-02-05 23:53:28,454.840000,0.19400000,s,m
2026-02-05 23:53:28,454.740000,0.19400000,s,m
2026-02-05 23:53:28,454.640000,0.19400000,s,m
2026-02-05 23:53:28,454.570000,0.65996231,s,m
2026-02-05 23:53:28,454.480000,2.23468639,s,m
2026-02-05 23:54:52,455.340000,0.06430000,b,l
2026-02-05 23:54:52,455.340000,0.00004522,b,l
2026-02-05 23:55:13,455.400000,0.07092602,b,l
2026-02-05 23:56:16,454.960000,0.19400000,s,l
2026-02-05 23:56:17,454.570000,0.13437118,s,l
2026-02-05 23:56:17,454.570000,0.05962882,s,l
2026-02-05 23:56:17,454.420000,0.13437118,s,l
2026-02-05 23:56:21,453.980000,0.10000000,s,l
2026-02-05 23:56:21,453.940000,0.13437118,s,l
2026-02-05 23:56:21,453.960000,0.10000000,s,l
2026-02-05 23:58:20,452.960000,0.79279685,s,l
2026-02-05 23:58:20,452.880000,0.44039157,s,l
2026-02-05 23:58:20,452.710000,1.78915592,s,l
2026-02-05 23:58:21,452.300000,0.19400000,s,l
2026-02-05 23:58:21,452.270000,0.00176283,s,l
2026-02-05 23:58:23,452.110000,0.19400000,s,l
2026-02-05 23:58:23,451.970000,0.44710888,s,l
2026-02-05 23:58:23,451.910000,0.19400000,s,l
2026-02-05 23:58:23,451.810000,0.19400000,s,l
2026-02-05 23:58:23,451.760000,0.04422102,s,l
2026-02-06 00:00:03,453.060000,0.02213564,b,l
2026-02-06 00:00:04,453.060000,0.05330000,b,l
2026-02-06 00:00:04,453.060000,0.00005667,b,l
2026-02-06 00:00:05,453.860000,0.19400000,b,l
2026-02-06 00:00:05,453.900000,0.79981013,b,l
2026-02-06 00:00:05,453.910000,0.07370442,b,l
2026-02-06 00:00:05,453.910000,0.19400000,b,l
2026-02-06 00:00:05,454.010000,0.19400000,b,l
2026-02-06 00:00:05,454.010000,0.01548545,b,l
2026-02-06 00:00:08,453.870000,0.45801485,b,l
2026-02-06 00:00:08,454.540000,0.03587261,b,l
2026-02-06 00:00:08,454.760000,0.19400000,b,l
2026-02-06 00:00:08,454.810000,0.19400000,b,l
2026-02-06 00:00:08,454.860000,0.19400000,b,l
2026-02-06 00:00:08,454.910000,0.19400000,b,l
2026-02-06 00:00:08,455.020000,0.69400000,b,l
2026-02-06 00:00:09,454.770000,0.07719958,s,l
2026-02-06 00:00:10,455.360000,0.04202062,b,l
2026-02-06 00:00:11,456.040000,0.19400000,b,l
2026-02-06 00:00:11,456.050000,0.51041898,b,l
2026-02-06 00:00:11,456.260000,0.19400000,b,l
2026-02-06 00:00:11,456.310000,0.19400000,b,l
2026-02-06 00:00:11,456.360000,0.19400000,b,l
2026-02-06 00:00:11,456.410000,0.65731129,b,l
2026-02-06 00:00:11,457.470000,0.21889980,b,l
2026-02-06 00:00:11,457.680000,0.19400000,b,l
2026-02-06 00:00:12,458.280000,0.19400000,b,l
2026-02-06 00:00:12,458.320000,0.65456449,b,l
2026-02-06 00:00:12,458.380000,0.19400000,b,l
2026-02-06 00:00:12,457.980000,0.44259020,b,l
2026-02-06 00:00:12,458.420000,0.87296217,b,l
2026-02-06 00:00:12,458.790000,0.07613870,b,l
2026-02-06 00:00:13,459.030000,0.04850000,b,l
2026-02-06 00:00:13,459.030000,0.00004282,b,l
2026-02-06 00:00:13,459.170000,0.07699000,s,l
2026-02-06 00:00:13,459.170000,0.02481279,s,l
2026-02-06 00:00:13,459.330000,0.21770840,s,l
2026-02-06 00:00:13,460.170000,0.86999075,b,l
2026-02-06 00:00:13,460.190000,0.59700925,b,l
2026-02-06 00:00:13,460.190000,10.35380559,b,l
2026-02-06 00:00:13,460.850000,0.65097103,b,l
2026-02-06 00:00:13,460.850000,0.21770840,b,l
2026-02-06 00:00:13,460.860000,1.95202057,b,l
2026-02-06 00:00:13,460.860000,0.17840000,b,l
2026-02-06 00:00:13,460.860000,0.03946454,b,l
2026-02-06 00:00:13,461.290000,0.05000000,b,l
2026-02-06 00:00:13,459.850000,0.03646666,s,l
2026-02-06 00:00:13,461.290000,0.31100000,b,l
2026-02-06 00:00:13,461.290000,2.32630000,b,l
2026-02-06 00:00:13,461.290000,1.15000000,b,l
2026-02-06 00:00:13,461.290000,2.32570000,b,l
2026-02-06 00:00:13,461.290000,1.15000000,b,l
2026-02-06 00:00:13,461.290000,1.15000000,b,l
2026-02-06 00:00:13,461.290000,2.08980000,b,l
2026-02-06 00:00:13,461.290000,1.15000000,b,l
2026-02-06 00:00:13,461.290000,0.19400000,b,l
2026-02-06 00:00:13,461.290000,0.88910000,b,l
2026-02-06 00:00:13,461.290000,5.86287843,b,l
2026-02-06 00:00:13,461.240000,0.58200000,b,l
2026-02-06 00:00:13,461.240000,1.15000000,b,l
2026-02-06 00:00:13,461.240000,12.07641587,b,l
2026-02-06 00:00:13,461.240000,0.19150000,b,l
2026-02-06 00:00:13,461.240000,1.15000000,b,l
2026-02-06 00:00:13,461.240000,0.20487000,b,l
2026-02-06 00:00:13,461.240000,1.27878609,b,l
2026-02-06 00:00:13,461.240000,2.01505999,b,l
2026-02-06 00:00:14,462.520000,0.04900000,b,l
2026-02-06 00:00:14,462.520000,0.02713870,b,l
2026-02-06 00:00:14,462.520000,0.19400000,b,l
2026-02-06 00:00:14,462.770000,0.02634921,b,l
2026-02-06 00:00:14,462.790000,0.19400000,b,l
2026-02-06 00:00:14,462.870000,0.14451209,b,l
2026-02-06 00:00:14,462.870000,0.73810000,b,l
2026-02-06 00:00:14,462.870000,0.09880000,b,l
2026-02-06 00:00:14,460.730000,0.86633529,s,l
2026-02-06 00:00:14,460.690000,0.21706570,s,l
2026-02-06 00:00:15,460.840000,0.07033913,s,l
2026-02-06 00:00:15,460.880000,0.07033913,s,l
2026-02-06 00:00:15,460.880000,0.12366087,s,l
2026-02-06 00:00:15,460.840000,0.87633911,s,l
2026-02-06 00:00:15,460.810000,0.19400000,s,l
2026-02-06 00:00:15,460.850000,0.19400000,s,l
2026-02-06 00:00:15,460.810000,2.43227235,s,l
2026-02-06 00:00:15,462.970000,0.07000000,b,l
2026-02-06 00:00:15,462.970000,0.06000000,b,l
2026-02-06 00:00:15,462.970000,0.03000000,b,l
2026-02-06 00:00:15,462.970000,0.03000000,b,l
2026-02-06 00:00:15,463.310000,0.09000000,b,l
2026-02-06 00:00:15,463.310000,0.06000000,b,l
2026-02-06 00:00:15,463.310000,0.04000000,b,l
2026-02-06 00:00:15,463.310000,0.05000000,b,l
2026-02-06 00:00:15,463.310000,0.11000000,b,l
2026-02-06 00:00:15,463.310000,0.04000000,b,l
2026-02-06 00:00:15,463.310000,0.04000000,b,l
2026-02-06 00:00:15,463.310000,0.07000000,b,l
2026-02-06 00:00:15,463.310000,0.13000000,b,l
2026-02-06 00:00:15,463.310000,0.23401486,b,l
2026-02-06 00:00:15,463.310000,0.19400000,b,l
2026-02-06 00:00:15,463.770000,0.19400000,b,l
2026-02-06 00:00:15,462.220000,0.03818711,s,l
2026-02-06 00:00:15,463.770000,0.19400000,b,l
2026-02-06 00:00:15,463.820000,1.76371986,b,l
2026-02-06 00:00:16,461.540000,6.46976999,s,l
2026-02-06 00:00:16,462.290000,0.11130658,s,l
2026-02-06 00:00:17,463.680000,0.19400000,b,l
2026-02-06 00:00:17,463.780000,4.32788020,b,l
2026-02-06 00:00:17,463.790000,0.10000000,b,l
2026-02-06 00:00:24,459.660000,0.19400000,b,l
2026-02-06 00:00:24,459.620000,0.19400000,b,l
2026-02-06 00:00:34,460.430000,0.13031297,b,m
2026-02-06 00:00:56,459.830000,0.13031297,s,m
2026-02-06 00:01:30,458.790000,0.07613870,s,l
2026-02-06 00:01:40,456.900000,0.10000000,s,l
2026-02-06 00:01:41,456.950000,0.19399999,b,l
2026-02-06 00:01:41,456.990000,0.19399999,b,l
2026-02-06 00:01:43,457.020000,0.19399999,b,l
2026-02-06 00:01:43,457.010000,0.19400000,b,l
2026-02-06 00:01:43,457.010000,0.19400000,b,l
2026-02-06 00:02:15,456.160000,0.94807800,b,m
2026-02-06 00:02:30,455.070000,0.07613870,s,l
2026-02-06 00:03:12,453.010000,0.19400000,s,l
2026-02-06 00:03:19,451.850000,0.19400000,s,l
2026-02-06 00:03:23,451.730000,0.22710088,s,l
2026-02-06 00:03:26,452.400000,0.23713722,b,l
2026-02-06 00:03:41,453.990000,0.06263053,b,l
2026-02-06 00:03:41,454.060000,0.07082727,b,l
2026-02-06 00:03:42,454.200000,2.51412641,b,l
2026-02-06 00:04:00,455.270000,0.06009375,b,l
2026-02-06 00:04:01,455.210000,2.14162796,s,l
2026-02-06 00:04:01,455.120000,1.15000000,s,l
2026-02-06 00:04:49,453.500000,0.50000000,s,l
2026-02-06 00:04:49,453.490000,0.50000000,s,l
2026-02-06 00:05:36,451.750000,1.10680686,s,l
2026-02-06 00:05:41,451.590000,0.01100000,s,l
2026-02-06 00:05:41,451.580000,1.00000000,s,l
2026-02-06 00:05:43,451.350000,0.07613870,s,l
2026-02-06 00:05:45,451.000000,0.00605457,s,l
2026-02-06 00:05:45,451.020000,0.19400000,s,l
2026-02-06 00:05:45,451.000000,0.20088779,s,l
2026-02-06 00:05:50,450.900000,0.59339388,s,l
2026-02-06 00:05:50,450.830000,0.07204025,s,l
2026-02-06 00:05:50,450.830000,0.59339388,s,l
2026-02-06 00:05:56,450.120000,0.19400000,s,l
2026-02-06 00:05:56,450.080000,0.21485000,s,l
2026-02-06 00:05:56,450.010000,1.58902234,s,l
2026-02-06 00:06:01,451.070000,0.19400000,b,l
2026-02-06 00:06:01,451.110000,0.05341645,b,l
2026-02-06 00:06:02,450.650000,0.19400000,s,l
2026-02-06 00:06:03,450.570000,0.44270584,s,l
2026-02-06 00:06:06,450.710000,0.44882679,s,l
2026-02-06 00:06:18,450.010000,0.45955259,s,l
2026-02-06 00:06:18,450.000000,5.79100460,s,l
2026-02-06 00:06:18,450.000000,2.12979255,s,l
2026-02-06 00:06:23,450.370000,0.17600378,b,l
2026-02-06 00:06:23,450.360000,0.16541155,b,l
2026-02-06 00:06:24,450.000000,5.86600571,s,l
2026-02-06 00:06:24,450.000000,10.55958105,s,l
2026-02-06 00:06:25,450.000000,5.71860294,s,l
2026-02-06 00:06:29,450.380000,0.01810000,b,l
2026-02-06 00:06:29,450.380000,0.00007196,b,l
2026-02-06 00:06:29,451.020000,0.62653505,s,l
2026-02-06 00:06:31,450.910000,0.07453209,b,l
2026-02-06 00:06:35,450.770000,0.08648073,b,l
2026-02-06 00:06:41,450.000000,5.85272508,s,l
2026-02-06 00:06:41,450.000000,5.66988867,s,l
2026-02-06 00:06:42,450.000000,5.57461258,s,l
2026-02-06 00:06:43,450.000000,5.75259251,s,l
2026-02-06 00:06:44,450.000000,6.11664692,s,l
2026-02-06 00:06:44,450.000000,18.05897384,s,l
2026-02-06 00:06:44,450.000000,5.92194019,s,l
2026-02-06 00:06:44,450.000000,3.00000000,s,l
2026-02-06 00:06:44,450.000000,6.22397089,s,l
2026-02-06 00:06:44,450.000000,8.88200000,s,l
2026-02-06 00:06:44,450.000000,5.60187331,s,l
2026-02-06 00:06:45,450.000000,5.71339429,s,l
2026-02-06 00:06:45,450.000000,5.61939473,s,l
2026-02-06 00:06:45,450.000000,5.66924199,s,l
2026-02-06 00:06:46,450.000000,5.58208796,s,l
2026-02-06 00:06:46,450.000000,18.05897384,s,l
2026-02-06 00:06:46,450.000000,6.41270064,s,l
2026-02-06 00:06:46,450.000000,2.00028844,s,l
2026-02-06 00:06:46,450.000000,5.70372574,s,l
2026-02-06 00:06:47,450.000000,5.61133332,s,l
2026-02-06 00:06:47,450.000000,2.00206528,s,l
2026-02-06 00:06:47,450.000000,5.74367006,s,l
2026-02-06 00:06:47,450.000000,5.83981267,s,l
2026-02-06 00:06:47,450.000000,5.71490649,s,l
2026-02-06 00:06:48,450.000000,5.85125726,s,l
2026-02-06 00:06:48,450.000000,6.65995928,s,l
2026-02-06 00:06:48,450.000000,6.24664017,s,l
2026-02-06 00:06:48,450.000000,5.82765562,s,l
2026-02-06 00:06:57,451.870000,0.06490000,b,l
2026-02-06 00:06:58,451.870000,0.00004607,b,l
2026-02-06 00:06:59,452.170000,0.01054785,s,m
2026-02-06 00:08:25,451.290000,0.50250000,s,l
2026-02-06 00:08:25,451.200000,0.19400000,s,l
2026-02-06 00:08:25,451.190000,0.50250098,s,l
2026-02-06 00:08:25,451.190000,0.19400000,s,l
2026-02-06 00:08:30,450.000000,5.57494462,s,l
2026-02-06 00:08:30,450.000000,5.65445335,s,l
2026-02-06 00:08:47,450.000000,0.01550563,s,l
2026-02-06 00:08:47,450.000000,0.36000000,s,l
2026-02-06 00:08:47,450.000000,6.41623368,s,l
2026-02-06 00:08:51,450.000000,5.99100791,s,l
2026-02-06 00:08:53,450.000000,5.69021723,s,l
2026-02-06 00:08:54,450.000000,5.85952941,s,l
2026-02-06 00:08:54,450.000000,5.62542702,s,l
2026-02-06 00:08:55,450.000000,5.79458400,s,l
2026-02-06 00:08:58,450.010000,5.71451169,s,l
2026-02-06 00:08:59,450.010000,0.94512535,s,l
2026-02-06 00:08:59,450.000000,4.90598935,s,l
2026-02-06 00:08:59,450.000000,4.16145584,s,l
2026-02-06 00:08:59,450.000000,0.22000000,s,l
2026-02-06 00:08:59,450.000000,0.50000000,s,l
2026-02-06 00:08:59,450.000000,0.77807616,s,l
2026-02-06 00:09:00,450.000000,0.08790000,s,l
2026-02-06 00:09:00,450.000000,1.13400000,s,l
2026-02-06 00:09:01,450.000000,0.00002384,s,l
2026-02-06 00:09:09,449.380000,0.30370000,s,l
2026-02-06 00:09:12,449.000000,0.40900000,s,m
2026-02-06 00:09:13,449.000000,0.86230000,s,l
2026-02-06 00:09:13,449.000000,1.72870000,s,l
2026-02-06 00:09:13,449.000000,0.02000000,s,l
2026-02-06 00:09:13,449.230000,0.06830475,b,l
2026-02-06 00:09:14,448.580000,0.03340000,s,l
2026-02-06 00:09:14,448.580000,0.00003886,s,l
2026-02-06 00:09:14,448.420000,0.05000000,s,l
2026-02-06 00:09:14,449.160000,0.04000000,b,m
2026-02-06 00:09:15,449.080000,0.05042864,b,l
2026-02-06 00:09:21,448.330000,0.22829199,s,l
2026-02-06 00:09:24,448.720000,0.36289244,b,l
2026-02-06 00:09:26,448.770000,0.19471221,b,l
2026-02-06 00:09:26,448.690000,0.24990000,s,l
2026-02-06 00:09:26,448.690000,0.00006650,s,l
2026-02-06 00:09:26,448.330000,0.19971598,s,l
2026-02-06 00:09:27,449.090000,0.05556271,b,l
2026-02-06 00:09:37,450.360000,0.02752693,s,l
2026-02-06 00:09:37,450.360000,0.19813557,s,l
2026-02-06 00:09:39,450.430000,0.22566250,s,l
2026-02-06 00:09:41,450.470000,0.22380000,s,l
2026-02-06 00:09:41,450.470000,0.00007647,s,l
2026-02-06 00:09:41,450.400000,0.15042353,s,l
2026-02-06 00:09:46,450.140000,0.12931203,b,l
2026-02-06 00:09:49,449.990000,0.12939271,b,l
2026-02-06 00:10:00,450.090000,0.20000000,b,l
2026-02-06 00:10:00,450.090000,0.20000000,b,l
2026-02-06 00:10:06,449.190000,0.19400000,s,l
2026-02-06 00:10:06,449.160000,0.12364838,s,l
2026-02-06 00:10:06,449.040000,0.19400000,s,l
2026-02-06 00:10:06,448.990000,0.19400000,s,l
2026-02-06 00:10:06,448.950000,0.10000000,s,l
2026-02-06 00:10:10,449.200000,0.19400000,b,l
2026-02-06 00:10:10,449.390000,0.08632792,b,l
2026-02-06 00:10:13,448.970000,6.46465049,s,l
2026-02-06 00:10:20,448.540000,5.92987761,s,l
2026-02-06 00:10:20,447.810000,0.19400000,s,l
2026-02-06 00:10:21,448.710000,0.19400000,b,l
2026-02-06 00:10:21,448.730000,0.07632954,b,l
2026-02-06 00:10:21,448.690000,0.19400000,b,l
2026-02-06 00:10:21,448.730000,0.07632960,b,l
2026-02-06 00:10:21,448.730000,0.19399999,b,l
2026-02-06 00:10:23,448.610000,0.12586214,b,l
2026-02-06 00:10:24,447.890000,0.19400000,s,l
2026-02-06 00:10:24,447.880000,0.11205291,s,l
2026-02-06 00:10:24,447.620000,0.07613870,s,l
2026-02-06 00:10:24,447.580000,0.10000000,s,l
2026-02-06 00:10:31,447.690000,0.35737810,b,l
2026-02-06 00:10:31,447.690000,0.35737810,b,l
2026-02-06 00:10:36,447.190000,0.99442597,s,l
2026-02-06 00:10:36,447.000000,3.23365908,s,l
2026-02-06 00:10:36,446.970000,1.51725496,s,l
2026-02-06 00:10:37,446.970000,0.74230000,s,l
2026-02-06 00:10:37,446.970000,3.21307801,s,l
2026-02-06 00:10:37,446.870000,0.21487467,s,l
2026-02-06 00:10:37,446.730000,5.46532096,s,l
2026-02-06 00:10:38,447.200000,0.19400000,b,l
2026-02-06 00:10:42,447.170000,0.10000000,s,l
2026-02-06 00:10:51,446.780000,0.19400000,s,l
2026-02-06 00:10:51,446.730000,2.24939424,s,l
2026-02-06 00:10:51,446.730000,0.19400000,s,l
2026-02-06 00:10:58,447.510000,0.19400000,b,l
2026-02-06 00:10:58,447.520000,2.35886641,b,l
2026-02-06 00:11:02,446.650000,0.04535064,s,l
2026-02-06 00:11:08,447.070000,0.19400000,b,l
2026-02-06 00:11:08,447.100000,0.30033643,b,l
2026-02-06 00:11:08,446.640000,0.88517328,s,l
2026-02-06 00:11:08,446.600000,0.20492611,s,l
2026-02-06 00:11:08,446.360000,0.19400000,s,l
2026-02-06 00:11:08,446.320000,4.30429797,s,l
2026-02-06 00:11:09,446.320000,2.01574239,s,l
2026-02-06 00:11:10,446.690000,0.49433656,b,l
2026-02-06 00:11:10,446.330000,0.10043415,s,m
2026-02-06 00:11:17,446.860000,0.19400000,b,l
2026-02-06 00:11:17,446.960000,0.13194952,b,l
2026-02-06 00:11:19,447.010000,0.19400000,b,l
2026-02-06 00:11:19,447.060000,0.13204124,b,l
2026-02-06 00:11:20,446.320000,3.00000000,s,m
2026-02-06 00:11:22,446.320000,0.40969559,s,l
2026-02-06 00:11:22,446.320000,0.22577923,s,l
2026-02-06 00:11:25,446.000000,0.01121077,s,l
2026-02-06 00:11:28,445.950000,0.09999993,b,l
2026-02-06 00:11:30,447.430000,0.02699070,b,l
2026-02-06 00:11:46,446.680000,1.11930000,s,l
2026-02-06 00:11:46,446.680000,0.00006957,s,l
2026-02-06 00:11:47,446.240000,0.19400000,s,l
2026-02-06 00:11:47,446.240000,1.00000000,s,l
2026-02-06 00:11:47,446.230000,0.19400000,s,l
2026-02-06 00:11:47,446.230000,1.00000000,s,l
2026-02-06 00:11:47,446.220000,0.19400000,s,l
2026-02-06 00:11:47,446.220000,1.00000000,s,l
2026-02-06 00:11:47,446.210000,0.26484867,s,l
2026-02-06 00:11:54,446.220000,1.00000000,s,l
2026-02-06 00:11:54,446.210000,0.68255748,s,l
2026-02-06 00:12:03,445.690000,0.19400000,b,l
2026-02-06 00:12:03,445.730000,0.21706570,b,l
2026-02-06 00:12:03,445.820000,2.01890257,b,l
2026-02-06 00:12:03,445.820000,1.61609743,b,l
2026-02-06 00:12:03,445.860000,0.19400000,b,l
2026-02-06 00:12:03,445.980000,2.86259343,b,l
2026-02-06 00:12:03,445.990000,0.19400000,b,l
2026-02-06 00:12:03,446.040000,0.19400000,b,l
2026-02-06 00:12:03,446.090000,0.19400000,b,l
2026-02-06 00:12:03,446.140000,0.19400000,b,l
2026-02-06 00:12:03,446.190000,0.19400000,b,l
2026-02-06 00:12:03,446.240000,0.19400000,b,l
2026-02-06 00:12:03,446.330000,0.19400000,b,l
2026-02-06 00:12:03,446.430000,0.19400000,b,l
2026-02-06 00:12:03,446.480000,0.19400000,b,l
2026-02-06 00:12:03,446.530000,0.19400000,b,l
2026-02-06 00:12:03,446.580000,0.19400000,b,l
2026-02-06 00:12:03,446.630000,0.19400000,b,l
2026-02-06 00:12:03,446.720000,0.19400000,b,l
2026-02-06 00:12:03,446.770000,0.19400000,b,l
2026-02-06 00:12:04,446.800000,0.06896841,b,l
2026-02-06 00:12:06,447.690000,0.06896841,b,l
2026-02-06 00:12:07,448.050000,0.06048000,s,l
2026-02-06 00:12:16,448.300000,0.02588522,b,l
2026-02-06 00:12:17,448.300000,0.02468944,b,l
2026-02-06 00:12:19,448.730000,0.07512800,b,l
2026-02-06 00:12:21,448.730000,0.02223976,b,l
2026-02-06 00:12:21,448.730000,0.02223976,b,l
2026-02-06 00:12:27,446.730000,0.22728931,s,l
2026-02-06 00:12:39,447.170000,0.03020000,s,l
2026-02-06 00:12:39,447.170000,0.00005987,s,l
2026-02-06 00:13:08,445.830000,0.01144976,s,l
2026-02-06 00:13:14,445.500000,0.01004782,s,l
2026-02-06 00:13:15,444.990000,0.22710000,s,l
2026-02-06 00:13:15,444.990000,0.00000288,s,l
2026-02-06 00:13:17,444.320000,0.02095612,s,l
2026-02-06 00:13:17,444.320000,0.02095612,s,l
2026-02-06 00:13:17,444.320000,0.02095612,s,l
2026-02-06 00:13:17,444.670000,0.10061306,b,m
2026-02-06 00:13:18,443.900000,0.07610000,s,l
2026-02-06 00:13:18,443.900000,0.00003870,s,l
2026-02-06 00:13:18,443.560000,0.03343886,s,m
2026-02-06 00:13:18,443.160000,0.05990000,s,l
2026-02-06 00:13:18,443.160000,0.03420000,s,l
2026-02-06 00:13:18,443.160000,0.08730000,s,l
2026-02-06 00:13:18,443.160000,0.01260000,s,l
2026-02-06 00:13:18,443.160000,0.01260000,s,l
2026-02-06 00:13:18,443.060000,0.04740000,s,l
2026-02-06 00:13:18,442.960000,0.05440000,s,l
2026-02-06 00:13:19,443.220000,0.10000000,s,l
2026-02-06 00:13:19,443.890000,0.15174232,b,l
2026-02-06 00:13:19,442.760000,0.09999999,s,l
2026-02-06 00:13:19,442.410000,0.19400000,s,l
2026-02-06 00:13:19,442.360000,0.19400000,s,l
2026-02-06 00:13:19,442.310000,0.02386130,s,l
2026-02-06 00:13:19,442.440000,0.10000000,s,l
2026-02-06 00:13:19,442.440000,0.19400000,s,l
2026-02-06 00:13:19,442.440000,1.00000000,s,l
2026-02-06 00:13:20,442.330000,1.26799298,s,l
2026-02-06 00:13:20,442.330000,0.19400000,s,l
2026-02-06 00:13:20,442.330000,0.57148322,s,l
2026-02-06 00:13:20,442.330000,0.42851678,s,l
2026-02-06 00:13:20,442.330000,0.19400000,s,l
2026-02-06 00:13:20,442.320000,1.00000000,s,l
2026-02-06 00:13:20,442.310000,1.00000000,s,l
2026-02-06 00:13:20,442.210000,0.19400000,s,l
2026-02-06 00:13:20,442.200000,0.20574401,s,l
2026-02-06 00:13:22,442.010000,0.19400000,s,l
2026-02-06 00:13:22,442.000000,2.92145476,s,l
2026-02-06 00:13:22,442.000000,5.88854524,s,l
2026-02-06 00:13:22,442.000000,1.19000000,s,l
2026-02-06 00:13:22,441.960000,0.19400000,s,l
2026-02-06 00:13:22,441.910000,0.19400000,s,l
2026-02-06 00:13:22,442.000000,0.19400000,s,l
2026-02-06 00:13:22,441.660000,0.19400000,s,l
2026-02-06 00:13:22,441.590000,0.01200000,s,l
2026-02-06 00:13:24,443.210000,0.00222292,b,l
2026-02-06 00:13:25,441.870000,0.19400000,s,l
2026-02-06 00:13:25,441.830000,0.25073500,s,l
2026-02-06 00:13:25,441.810000,1.11013200,s,l
2026-02-06 00:13:25,441.790000,0.47769218,s,l
2026-02-06 00:13:26,442.030000,0.19400000,s,l
2026-02-06 00:13:26,441.910000,1.00000000,s,l
2026-02-06 00:13:26,441.870000,0.66879912,s,l
2026-02-06 00:13:27,441.570000,0.08000000,s,l
2026-02-06 00:13:27,441.560000,0.13000000,s,l
2026-02-06 00:13:27,441.360000,0.07000000,s,l
2026-02-06 00:13:27,441.360000,0.05000000,s,l
2026-02-06 00:13:27,441.360000,0.01137856,s,l
2026-02-06 00:13:27,441.360000,0.02880765,s,l
2026-02-06 00:13:27,441.360000,0.03381379,s,l
2026-02-06 00:13:27,441.310000,1.99874539,s,l
2026-02-06 00:13:30,441.310000,0.00125461,s,l
2026-02-06 00:13:33,440.170000,0.07613870,s,l
2026-02-06 00:13:33,440.060000,0.19400000,s,l
2026-02-06 00:13:33,440.010000,0.19400000,s,l
2026-02-06 00:13:33,440.000000,1.39866042,s,l
2026-02-06 00:13:34,440.760000,0.06739654,b,l
2026-02-06 00:13:36,440.770000,0.25730000,b,l
2026-02-06 00:13:36,440.770000,0.73720000,b,l
2026-02-06 00:13:36,440.770000,1.15000000,b,l
2026-02-06 00:13:58,442.160000,0.18139586,b,l
2026-02-06 00:13:58,442.280000,0.08646718,b,l
2026-02-06 00:14:01,440.710000,0.19400000,s,l
2026-02-06 00:14:01,440.670000,0.28355100,s,l
2026-02-06 00:14:01,440.530000,0.11300000,s,l
2026-02-06 00:14:01,440.530000,0.08100000,s,l
2026-02-06 00:14:02,441.810000,0.14751724,b,l
2026-02-06 00:14:04,441.490000,0.06575301,b,l
2026-02-06 00:14:04,440.000000,1.60133958,s,l
2026-02-06 00:14:04,440.000000,0.44692217,s,l
2026-02-06 00:14:05,440.000000,0.19895767,s,l
2026-02-06 00:14:05,440.000000,0.35410000,s,l
2026-02-06 00:14:05,440.000000,0.00002016,s,l
2026-02-06 00:14:05,439.360000,0.05000000,s,l
2026-02-06 00:14:05,439.320000,0.05877257,s,l
2026-02-06 00:14:05,439.270000,0.07383232,s,l
2026-02-06 00:14:05,439.260000,0.18896711,s,l
2026-02-06 00:14:05,439.160000,0.10000000,s,l
2026-02-06 00:14:05,439.160000,0.09400000,s,l
2026-02-06 00:14:05,439.110000,0.00600000,s,l
2026-02-06 00:14:06,440.440000,0.06575288,b,l
2026-02-06 00:14:06,438.470000,0.02679215,s,l
2026-02-06 00:14:06,438.470000,0.19400000,s,l
2026-02-06 00:14:06,438.420000,1.82746960,s,l
2026-02-06 00:14:06,438.420000,2.04826175,s,l
2026-02-06 00:14:06,438.420000,0.40050000,s,l
2026-02-06 00:14:06,438.420000,2.30000000,s,l
2026-02-06 00:14:07,438.420000,1.15000000,s,l
2026-02-06 00:14:07,438.420000,0.04000000,s,l
2026-02-06 00:14:07,438.420000,0.05000000,s,l
2026-02-06 00:14:07,438.420000,0.05730000,s,l
2026-02-06 00:14:07,438.420000,0.05480000,s,l
2026-02-06 00:14:07,438.420000,0.04000000,s,l
2026-02-06 00:14:07,438.420000,0.10000000,s,l
2026-02-06 00:14:07,438.420000,0.10000000,s,l
2026-02-06 00:14:07,438.420000,0.82718169,s,l
2026-02-06 00:14:07,438.420000,0.12815832,s,l
2026-02-06 00:14:07,438.040000,0.19400000,s,l
2026-02-06 00:14:07,438.000000,0.05348140,s,l
2026-02-06 00:14:07,437.930000,1.80078035,s,l
2026-02-06 00:14:09,438.270000,1.82535879,s,l
2026-02-06 00:14:09,438.260000,0.23157868,s,l
2026-02-06 00:14:10,438.090000,2.05693747,s,l
2026-02-06 00:14:11,438.920000,0.01010032,s,l
2026-02-06 00:14:11,438.940000,0.01008469,s,l
2026-02-06 00:14:13,439.170000,0.01147720,s,l
2026-02-06 00:14:13,439.190000,0.01133049,s,l
2026-02-06 00:14:13,438.420000,0.19400000,s,l
2026-02-06 00:14:13,438.320000,0.19400000,s,l
2026-02-06 00:14:13,438.230000,1.66659311,s,l
2026-02-06 00:14:13,438.230000,0.01133049,s,l
2026-02-06 00:14:14,439.010000,0.01009834,s,l
2026-02-06 00:14:15,438.230000,2.05714285,s,l
2026-02-06 00:14:15,438.230000,2.05714285,s,l
2026-02-06 00:14:15,438.230000,0.25000000,s,l
2026-02-06 00:14:15,438.230000,0.26000000,s,l
2026-02-06 00:14:15,438.230000,0.31000000,s,l
2026-02-06 00:14:15,438.230000,0.32300000,s,l
2026-02-06 00:14:15,438.240000,0.78200000,s,l
2026-02-06 00:14:15,438.240000,1.49985469,s,l
2026-02-06 00:14:15,438.230000,2.19234531,s,l
2026-02-06 00:14:15,439.190000,0.07200015,b,l
2026-02-06 00:14:15,438.230000,0.00007243,s,l
2026-02-06 00:14:16,437.110000,0.19400000,s,l
2026-02-06 00:14:16,437.070000,1.86314285,s,l
2026-02-06 00:14:16,437.070000,0.06000000,s,l
2026-02-06 00:14:16,437.070000,0.04000000,s,l
2026-02-06 00:14:16,437.070000,0.07000000,s,l
2026-02-06 00:14:16,438.370000,8.19700000,b,l
2026-02-06 00:14:16,437.070000,0.05054741,s,l
2026-02-06 00:14:16,437.070000,0.20427276,s,l
2026-02-06 00:14:16,438.280000,0.19400000,b,l
2026-02-06 00:14:16,438.320000,4.06900000,b,l
2026-02-06 00:14:16,438.330000,0.19400000,b,l
2026-02-06 00:14:16,438.240000,4.06900000,b,l
2026-02-06 00:14:16,438.250000,0.03721544,b,l
2026-02-06 00:14:16,438.250000,0.19400000,b,l
2026-02-06 00:14:16,438.260000,4.02074308,b,l
2026-02-06 00:14:16,437.030000,0.19400000,s,l
2026-02-06 00:14:16,436.980000,0.19400000,s,l
2026-02-06 00:14:17,436.510000,0.19400000,s,l
2026-02-06 00:14:17,436.450000,0.07613870,s,l
2026-02-06 00:14:17,437.360000,0.03315162,b,l
2026-02-06 00:14:17,437.360000,0.16084838,b,l
2026-02-06 00:14:17,437.400000,0.35071292,b,l
2026-02-06 00:14:18,437.040000,0.12131247,b,l
2026-02-06 00:14:18,436.030000,0.19400000,s,l
2026-02-06 00:14:18,436.000000,0.01146789,s,l
2026-02-06 00:14:18,435.610000,0.19400000,s,l
2026-02-06 00:14:18,435.580000,0.05000000,s,l
2026-02-06 00:14:18,435.560000,0.19400000,s,l
2026-02-06 00:14:18,435.410000,0.15546789,s,l
2026-02-06 00:14:19,436.990000,0.01005588,s,l
2026-02-06 00:14:19,437.040000,0.22940000,b,l
2026-02-06 00:14:20,437.030000,0.01102690,s,l
2026-02-06 00:14:21,437.030000,0.92060000,b,l
2026-02-06 00:14:21,437.030000,2.30000000,b,l
2026-02-06 00:14:22,437.040000,0.00000045,b,l
2026-02-06 00:14:23,438.610000,0.01044155,s,l
2026-02-06 00:14:23,438.180000,0.19400000,s,l
2026-02-06 00:14:23,437.320000,0.70718741,s,l
2026-02-06 00:14:23,438.650000,0.01426157,s,l
2026-02-06 00:14:23,438.650000,0.19400000,s,l
2026-02-06 00:14:24,438.830000,0.01024467,s,l
2026-02-06 00:14:26,438.900000,0.35869628,b,l
2026-02-06 00:14:28,438.800000,0.16244392,b,l
2026-02-06 00:14:28,437.730000,0.10000000,s,l
2026-02-06 00:14:36,436.120000,0.15030112,s,l
2026-02-06 00:14:36,436.780000,0.09121800,b,l
2026-02-06 00:14:36,436.780000,0.10278200,b,l
2026-02-06 00:14:37,435.280000,0.19400000,s,l
2026-02-06 00:14:37,435.240000,0.29535700,s,l
2026-02-06 00:14:37,435.160000,1.57134258,s,l
2026-02-06 00:14:38,435.190000,0.10000000,s,l
2026-02-06 00:14:38,435.100000,3.64121104,s,l
2026-02-06 00:14:38,435.100000,1.45878896,s,l
2026-02-06 00:14:39,434.560000,1.84094256,s,l
2026-02-06 00:14:39,434.560000,0.22779739,s,l
2026-02-06 00:14:39,434.560000,0.21000000,s,l
2026-02-06 00:14:39,435.370000,0.00328755,b,l
2026-02-06 00:14:39,434.560000,0.59000000,s,l
2026-02-06 00:14:39,435.370000,0.10008053,b,l
2026-02-06 00:14:39,434.560000,1.15000000,s,l
2026-02-06 00:14:39,434.560000,0.12338081,s,l
2026-02-06 00:14:39,434.380000,2.06873995,s,l
2026-02-06 00:14:39,434.380000,0.87108232,s,l
2026-02-06 00:14:39,434.000000,0.20661982,s,l
2026-02-06 00:14:39,432.850000,0.19400000,s,l
2026-02-06 00:14:39,432.800000,0.19400000,s,l
2026-02-06 00:14:39,432.750000,0.19400000,s,l
2026-02-06 00:14:40,432.570000,0.69421770,s,l
2026-02-06 00:14:40,432.570000,0.19400000,s,l
2026-02-06 00:14:41,432.350000,0.19400000,s,l
2026-02-06 00:14:41,432.250000,0.81680000,s,l
2026-02-06 00:14:41,432.250000,0.19400000,s,l
2026-02-06 00:14:41,432.200000,0.19400000,s,l
2026-02-06 00:14:41,432.010000,0.04186149,s,l
2026-02-06 00:14:41,432.010000,0.11453900,s,l
2026-02-06 00:14:41,432.000000,0.70965476,s,l
2026-02-06 00:14:41,432.000000,0.01126533,s,l
2026-02-06 00:14:42,434.380000,1.14600000,s,l
2026-02-06 00:14:42,434.380000,0.95124204,s,l
2026-02-06 00:14:42,432.000000,0.49433663,s,l
2026-02-06 00:14:42,432.210000,0.19400000,s,l
2026-02-06 00:14:42,432.000000,0.04000000,s,l
2026-02-06 00:14:42,432.000000,1.98092949,s,l
2026-02-06 00:14:42,432.000000,2.08212058,s,l
2026-02-06 00:14:42,432.000000,0.19134797,s,l
2026-02-06 00:14:42,432.000000,4.49034524,s,l
2026-02-06 00:14:42,432.000000,4.50130679,s,l
2026-02-06 00:14:43,432.000000,5.49869321,s,l
2026-02-06 00:14:43,432.000000,2.72921407,s,l
2026-02-06 00:14:43,432.000000,2.92209910,s,l
2026-02-06 00:14:43,432.000000,0.72568976,s,l
2026-02-06 00:14:43,432.000000,2.08212058,s,l
2026-02-06 00:14:43,432.000000,14.27009056,s,l
2026-02-06 00:14:43,432.000000,15.00000000,s,l
2026-02-06 00:14:43,432.000000,20.00000000,s,l
2026-02-06 00:14:43,432.000000,2.02199944,s,l
2026-02-06 00:14:43,432.000000,2.08212058,s,l
2026-02-06 00:14:44,432.000000,0.10000000,s,l
2026-02-06 00:14:44,432.000000,0.11000000,s,l
2026-02-06 00:14:44,432.000000,0.68587998,s,l
2026-02-06 00:14:44,432.000000,1.39624060,s,l
2026-02-06 00:14:44,432.000000,0.27800000,s,l
2026-02-06 00:14:44,432.000000,0.18000000,s,l
2026-02-06 00:14:44,432.000000,0.60457175,s,l
2026-02-06 00:14:44,432.000000,2.08839202,s,l
2026-02-06 00:14:44,432.010000,1.80551376,s,l
2026-02-06 00:14:44,432.000000,0.20113325,s,l
2026-02-06 00:14:44,432.000000,5.25166238,s,l
2026-02-06 00:14:44,432.000000,7.27078593,s,l
2026-02-06 00:14:45,432.010000,0.14304973,s,l
2026-02-06 00:14:45,432.010000,0.05095027,s,l
2026-02-06 00:14:48,432.090000,0.19400000,s,l
2026-02-06 00:14:48,432.080000,0.19400000,s,l
2026-02-06 00:14:48,432.060000,0.53535037,s,l
2026-02-06 00:14:48,432.660000,0.19400000,s,l
2026-02-06 00:14:48,432.660000,1.00000000,s,l
2026-02-06 00:14:56,436.570000,0.19400000,b,l
2026-02-06 00:14:56,436.620000,0.00232472,b,l
2026-02-06 00:14:56,436.620000,0.01839724,b,l
2026-02-06 00:14:56,436.620000,0.17792748,b,l
2026-02-06 00:14:56,436.780000,0.11759375,b,l
2026-02-06 00:15:01,433.820000,0.19400000,s,l
2026-02-06 00:15:01,433.770000,0.19400000,s,l
2026-02-06 00:15:01,433.730000,0.09000000,s,l
2026-02-06 00:15:01,433.730000,0.08000000,s,l
2026-02-06 00:15:01,433.730000,0.09050000,s,l
2026-02-06 00:15:01,433.730000,0.09000000,s,l
2026-02-06 00:15:01,433.730000,0.01350000,s,l
2026-02-06 00:15:01,433.670000,0.06580000,s,l
2026-02-06 00:15:01,433.430000,0.19400000,s,l
2026-02-06 00:15:01,433.400000,0.23860000,s,l
2026-02-06 00:15:05,436.710000,0.09316159,b,l
2026-02-06 00:15:05,436.710000,0.04911971,b,l
2026-02-06 00:15:07,437.340000,0.02028453,b,l
2026-02-06 00:15:07,437.340000,0.07287708,b,l
2026-02-06 00:15:12,435.670000,0.19400000,s,l
2026-02-06 00:15:12,435.630000,0.28241500,s,l
2026-02-06 00:15:13,434.270000,0.19400000,s,l
2026-02-06 00:15:13,434.230000,0.02568648,s,l
2026-02-06 00:15:13,437.310000,0.01657114,b,l
2026-02-06 00:15:13,434.420000,0.19400000,s,l
2026-02-06 00:15:13,434.380000,1.87257496,s,l
2026-02-06 00:15:14,434.030000,0.03600000,s,l
2026-02-06 00:15:14,433.840000,0.03600000,s,l
2026-02-06 00:15:14,433.840000,0.03670000,s,l
2026-02-06 00:15:14,434.050000,2.07418315,s,l
2026-02-06 00:15:15,433.580000,0.19400000,s,l
2026-02-06 00:15:15,433.560000,0.04201929,s,l
2026-02-06 00:15:15,433.530000,0.19400000,s,l
2026-02-06 00:15:16,433.500000,1.56732540,s,l
2026-02-06 00:15:19,433.120000,1.84706316,s,l
2026-02-06 00:15:19,433.120000,0.19400000,s,l
2026-02-06 00:15:19,432.580000,0.05440000,s,l
2026-02-06 00:15:19,432.580000,0.05440000,s,l
2026-02-06 00:15:19,432.580000,0.05000000,s,l
2026-02-06 00:15:19,432.580000,0.03520000,s,l
2026-02-06 00:15:19,432.560000,0.00080000,s,l
2026-02-06 00:15:19,432.560000,0.10000000,s,l
2026-02-06 00:15:19,432.560000,0.06000000,s,l
2026-02-06 00:15:22,434.420000,0.13460406,b,l
2026-02-06 00:15:23,434.090000,0.09548000,b,l
2026-02-06 00:15:23,434.090000,0.00000632,b,l
2026-02-06 00:15:29,434.070000,0.19400000,s,l
2026-02-06 00:15:29,434.060000,1.87589667,s,l
2026-02-06 00:15:34,432.700000,0.19400000,s,l
2026-02-06 00:15:34,432.670000,1.88427991,s,l
2026-02-06 00:15:34,432.560000,1.79836012,s,l
2026-02-06 00:15:34,432.560000,9.21200000,s,l
2026-02-06 00:15:34,432.560000,50.66700000,s,l
2026-02-06 00:15:34,432.560000,0.09957548,s,l
2026-02-06 00:15:34,432.560000,0.09957548,s,l
2026-02-06 00:15:34,432.560000,0.08000000,s,l
2026-02-06 00:15:34,432.560000,2.27243447,s,l
2026-02-06 00:15:34,432.560000,0.11500000,s,l
2026-02-06 00:15:34,432.560000,0.14100000,s,l
2026-02-06 00:15:34,432.560000,0.10000000,s,l
2026-02-06 00:15:34,432.560000,0.21000000,s,l
2026-02-06 00:15:34,432.560000,0.10000000,s,l
2026-02-06 00:15:34,432.560000,0.04000000,s,l
2026-02-06 00:15:34,432.560000,0.70000000,s,l
2026-02-06 00:15:34,432.560000,0.04830000,s,l
2026-02-06 00:15:34,432.560000,0.03940000,s,l
2026-02-06 00:15:35,432.560000,2.07827991,s,l
2026-02-06 00:15:35,433.930000,0.01399581,b,l
2026-02-06 00:15:35,432.560000,2.07827991,s,l
2026-02-06 00:15:35,432.560000,1.17942305,s,l
2026-02-06 00:15:35,432.560000,0.04000000,s,l
2026-02-06 00:15:35,432.560000,0.22300000,s,l
2026-02-06 00:15:35,432.560000,0.07000000,s,l
2026-02-06 00:15:35,432.560000,0.36000000,s,l
2026-02-06 00:15:35,432.560000,0.08000000,s,l
2026-02-06 00:15:35,432.560000,0.25000000,s,l
2026-02-06 00:15:35,432.560000,0.18000000,s,l
2026-02-06 00:15:35,432.560000,0.14000000,s,l
2026-02-06 00:15:35,432.560000,0.05000000,s,l
2026-02-06 00:15:35,432.560000,2.07827991,s,l
2026-02-06 00:15:35,432.560000,0.70375974,s,l
2026-02-06 00:15:35,432.560000,0.19000000,s,l
2026-02-06 00:15:35,432.560000,0.11551544,s,l
2026-02-06 00:15:35,432.560000,0.17000000,s,l
2026-02-06 00:15:36,432.560000,4.60580000,s,l
2026-02-06 00:15:36,432.560000,3.99942312,s,l
2026-02-06 00:15:36,432.560000,2.07827991,s,l
2026-02-06 00:15:36,432.560000,2.62383171,s,l
2026-02-06 00:15:36,432.590000,0.10000000,s,l
2026-02-06 00:15:36,432.560000,1.97827991,s,l
2026-02-06 00:15:36,432.570000,0.19400000,s,l
2026-02-06 00:15:36,432.560000,0.49600036,s,l
2026-02-06 00:15:37,432.560000,0.86320000,s,l
2026-02-06 00:15:37,432.560000,2.08452821,s,l
2026-02-06 00:15:37,432.560000,3.42942359,s,l
2026-02-06 00:15:37,432.560000,2.08452821,s,l
2026-02-06 00:15:37,432.560000,0.07037597,s,l
2026-02-06 00:15:37,432.560000,2.08452821,s,l
2026-02-06 00:15:40,432.640000,0.19400000,s,l
2026-02-06 00:15:40,432.600000,0.10000000,s,l
2026-02-06 00:15:41,432.600000,0.10000000,s,l
2026-02-06 00:15:42,432.600000,0.03600879,s,l
2026-02-06 00:15:42,432.600000,0.06399121,s,l
2026-02-06 00:15:42,432.560000,2.01929975,s,l
2026-02-06 00:15:42,432.560000,2.08329096,s,l
2026-02-06 00:15:43,432.590000,0.10000000,s,l
2026-02-06 00:15:43,432.560000,1.98329096,s,l
2026-02-06 00:15:43,434.060000,0.17890130,b,l
2026-02-06 00:15:43,432.590000,0.10000000,s,l
2026-02-06 00:15:43,432.560000,3.38217976,s,l
2026-02-06 00:15:43,432.590000,0.10000000,s,l
2026-02-06 00:15:43,432.560000,0.01500000,s,l
2026-02-06 00:15:43,432.560000,0.28900000,s,l
2026-02-06 00:15:43,432.590000,0.10000000,s,l
2026-02-06 00:15:43,432.560000,0.13000000,s,l
2026-02-06 00:15:43,432.560000,0.04000000,s,l
2026-02-06 00:15:43,432.560000,0.12000000,s,l
2026-02-06 00:15:43,432.560000,0.26389543,s,l
2026-02-06 00:15:43,432.560000,2.08887601,s,l
2026-02-06 00:15:43,432.560000,8.00000000,s,l
2026-02-06 00:15:43,432.560000,2.08887601,s,l
2026-02-06 00:15:43,432.560000,1.59382000,s,l
2026-02-06 00:15:43,432.560000,0.04000000,s,l
2026-02-06 00:15:43,432.560000,0.49433663,s,l
2026-02-06 00:15:44,432.560000,2.08887601,s,l
2026-02-06 00:15:44,432.560000,2.08887601,s,l
2026-02-06 00:15:44,432.560000,2.13217029,s,l
2026-02-06 00:15:44,432.560000,17.22220000,s,l
2026-02-06 00:15:44,432.560000,1.15000000,s,l
2026-02-06 00:15:44,432.560000,1.15000000,s,l
2026-02-06 00:15:44,432.560000,1.15000000,s,l
2026-02-06 00:15:44,432.560000,1.15000000,s,l
2026-02-06 00:15:44,432.560000,1.15000000,s,l
2026-02-06 00:15:44,432.560000,2.14260000,s,l
2026-02-06 00:15:44,432.560000,1.35760000,s,l
2026-02-06 00:15:44,432.560000,1.34230000,s,l
2026-02-06 00:15:44,432.580000,0.02294619,b,l
2026-02-06 00:15:45,432.560000,2.08887601,s,l
2026-02-06 00:15:45,432.560000,2.08887601,s,l
2026-02-06 00:15:45,432.560000,0.15453798,s,l
2026-02-06 00:15:45,432.590000,0.05432858,b,l
2026-02-06 00:15:45,432.560000,2.08887601,s,l
2026-02-06 00:15:46,432.590000,0.08060000,b,l
2026-02-06 00:15:46,432.590000,0.00002742,b,l
2026-02-06 00:15:47,432.570000,0.19400000,s,l
2026-02-06 00:15:47,432.560000,1.88763972,s,l
2026-02-06 00:15:47,432.600000,0.19400000,s,l
2026-02-06 00:15:47,432.560000,1.88763972,s,l
2026-02-06 00:15:48,432.560000,2.08163972,s,l
2026-02-06 00:15:48,434.000000,0.12655622,b,l
2026-02-06 00:15:49,432.600000,0.19400000,s,m
2026-02-06 00:15:49,432.560000,2.17606765,s,m
2026-02-06 00:15:49,432.600000,0.19400000,s,l
2026-02-06 00:15:50,434.000000,0.06744378,b,m
2026-02-06 00:15:50,434.040000,0.10770774,b,m
2026-02-06 00:15:52,432.650000,0.19400000,s,l
2026-02-06 00:15:53,432.600000,0.19400000,s,l
2026-02-06 00:15:53,432.560000,2.08501040,s,l
2026-02-06 00:15:53,432.560000,0.30000000,s,l
2026-02-06 00:15:53,432.560000,0.57000000,s,l
2026-02-06 00:15:53,432.560000,2.08501040,s,l
2026-02-06 00:15:54,432.560000,2.08501040,s,l
2026-02-06 00:15:54,432.560000,0.12815155,s,l
2026-02-06 00:15:54,432.560000,2.08501040,s,l
2026-02-06 00:15:55,432.560000,1.98828681,s,m
2026-02-06 00:15:55,432.560000,2.08501040,s,l
2026-02-06 00:15:55,432.560000,28.30800000,s,l
2026-02-06 00:15:55,432.560000,0.12206740,s,l
2026-02-06 00:15:55,432.770000,0.12300000,b,l
2026-02-06 00:15:55,432.770000,0.00007000,b,l
2026-02-06 00:15:55,433.390000,0.11268350,b,l
2026-02-06 00:15:59,432.730000,0.03932628,s,m
2026-02-06 00:15:59,432.730000,0.04300000,s,m
2026-02-06 00:16:00,434.910000,0.10131600,b,l
2026-02-06 00:16:03,436.920000,0.05213907,b,l
2026-02-06 00:16:05,436.910000,0.04427096,b,l
2026-02-06 00:16:05,436.910000,0.04429311,b,l
2026-02-06 00:16:06,435.270000,0.19400000,s,l
2026-02-06 00:16:09,435.390000,0.19400000,s,l
2026-02-06 00:16:15,433.940000,0.19400000,s,l
2026-02-06 00:16:15,433.920000,0.10000000,s,l
2026-02-06 00:16:18,434.880000,0.14790263,b,l
2026-02-06 00:16:20,434.840000,0.14790290,b,l
2026-02-06 00:16:20,433.050000,0.19400000,s,l
2026-02-06 00:16:20,433.000000,1.40711316,s,l
2026-02-06 00:16:20,433.000000,0.19400000,s,l
2026-02-06 00:16:23,434.740000,0.12383000,b,l
2026-02-06 00:16:26,432.750000,1.86279912,s,l
2026-02-06 00:16:32,431.850000,0.01000000,s,l
2026-02-06 00:16:35,431.590000,0.05000000,s,l
2026-02-06 00:16:35,431.590000,0.05000000,s,l
2026-02-06 00:16:35,431.590000,0.05000000,s,l
2026-02-06 00:16:35,431.590000,0.05000000,s,l
2026-02-06 00:16:35,431.590000,0.05000000,s,l
2026-02-06 00:16:35,431.590000,0.05000000,s,l
2026-02-06 00:16:35,431.590000,0.05000000,s,l
2026-02-06 00:16:35,431.590000,0.05000000,s,l
2026-02-06 00:16:35,431.590000,0.05000000,s,l
2026-02-06 00:16:36,431.590000,0.38205186,s,l
2026-02-06 00:16:36,431.590000,0.01300000,s,l
2026-02-06 00:16:39,433.480000,0.19400000,b,l
2026-02-06 00:16:39,433.490000,0.03377074,b,l
2026-02-06 00:16:39,433.490000,0.19981868,b,l
2026-02-06 00:16:39,433.490000,0.03689258,b,l
2026-02-06 00:16:39,433.490000,0.16391489,b,l
2026-02-06 00:16:41,433.480000,0.10656708,b,l
2026-02-06 00:16:41,433.480000,0.08743292,b,l
2026-02-06 00:16:41,433.490000,0.12261505,b,l
2026-02-06 00:16:42,433.490000,0.22390000,b,l
2026-02-06 00:16:43,433.490000,0.00000395,b,l
2026-02-06 00:16:52,434.840000,0.29173100,b,l
2026-02-06 00:16:56,436.230000,0.19400000,b,l
2026-02-06 00:16:56,436.230000,0.09986332,b,l
2026-02-06 00:16:57,436.230000,0.19399995,b,l
2026-02-06 00:16:57,436.230000,0.02449673,b,l
2026-02-06 00:16:59,437.220000,0.09976084,b,l
2026-02-06 00:17:02,437.260000,0.33964000,b,l
2026-02-06 00:17:04,439.120000,0.04959200,b,l
2026-02-06 00:17:09,439.120000,0.24028400,b,l
2026-02-06 00:17:11,440.570000,0.19400000,b,l
2026-02-06 00:17:11,440.570000,0.20664300,b,l
2026-02-06 00:17:14,441.090000,3.24640000,b,l
2026-02-06 00:17:14,441.090000,1.15000000,b,l
2026-02-06 00:17:14,441.090000,1.15000000,b,l
2026-02-06 00:17:14,441.090000,0.74917435,b,l
2026-02-06 00:17:14,441.090000,0.23312565,b,l
2026-02-06 00:17:14,441.090000,0.00003235,b,l
2026-02-06 00:17:19,440.450000,0.12477048,b,l
2026-02-06 00:17:24,439.480000,0.19400000,b,l
2026-02-06 00:17:24,439.520000,0.04046500,b,l
2026-02-06 00:17:36,439.280000,0.16921522,b,l
2026-02-06 00:17:40,438.410000,0.19400000,b,l
2026-02-06 00:17:40,438.410000,0.34401000,b,l
2026-02-06 00:18:04,438.490000,0.19342000,b,l
2026-02-06 00:18:06,438.460000,0.06545080,b,l
2026-02-06 00:18:08,438.230000,0.06565091,b,l
2026-02-06 00:18:20,436.810000,0.02390254,b,l
2026-02-06 00:18:23,435.900000,0.10928556,b,l
2026-02-06 00:18:23,435.890000,0.04166788,b,l
2026-02-06 00:18:27,435.480000,0.17224045,b,l
2026-02-06 00:18:40,432.140000,0.19400000,s,l
2026-02-06 00:18:40,432.100000,10.08874546,s,l
2026-02-06 00:19:30,432.180000,0.14712866,b,l
2026-02-06 00:19:33,430.270000,0.19400000,s,l
2026-02-06 00:19:34,430.060000,0.19400000,s,l
2026-02-06 00:19:38,430.350000,0.19400000,s,l
2026-02-06 00:19:38,430.020000,1.12728699,s,m
2026-02-06 00:19:42,430.020000,0.63054753,s,l
2026-02-06 00:19:42,430.020000,0.19400000,s,l
2026-02-06 00:19:42,430.000000,1.27091864,s,l
2026-02-06 00:19:43,430.000000,1.72908136,s,l
2026-02-06 00:19:44,429.010000,0.19400000,s,l
2026-02-06 00:19:44,429.000000,0.34965035,s,l
2026-02-06 00:19:44,429.000000,0.19400000,s,l
2026-02-06 00:19:45,428.600000,0.05349150,s,l
2026-02-06 00:19:46,428.250000,2.10279981,s,l
2026-02-06 00:19:46,428.250000,10.00509297,s,l
2026-02-06 00:19:46,428.250000,3.01669333,s,l
2026-02-06 00:19:46,427.750000,0.12000000,s,l
2026-02-06 00:19:46,427.750000,0.10237572,s,l
2026-02-06 00:19:46,427.570000,0.00782428,s,l
2026-02-06 00:19:46,427.570000,0.11700000,s,l
2026-02-06 00:19:46,427.520000,0.16600000,s,l
2026-02-06 00:19:46,427.320000,0.19400000,s,l
2026-02-06 00:19:46,427.170000,0.11600000,s,l
2026-02-06 00:19:47,427.180000,0.16241578,s,l
2026-02-06 00:19:47,427.180000,0.19400000,s,l
2026-02-06 00:19:47,427.170000,0.11823929,s,l
2026-02-06 00:19:47,427.170000,0.19400000,s,l
2026-02-06 00:19:47,427.120000,0.19400000,s,l
2026-02-06 00:19:47,426.850000,0.10000000,s,l
2026-02-06 00:19:47,426.850000,0.19400000,s,l
2026-02-06 00:19:47,426.850000,1.00000000,s,l
2026-02-06 00:19:47,426.670000,0.19400000,s,l
2026-02-06 00:19:47,426.620000,0.19400000,s,l
2026-02-06 00:19:47,426.420000,0.19400000,s,l
2026-02-06 00:19:48,426.120000,0.19400000,s,l
2026-02-06 00:19:48,426.000000,0.01173709,s,l
2026-02-06 00:19:48,426.000000,0.01173709,s,l
2026-02-06 00:19:49,425.790000,1.34338523,s,l
2026-02-06 00:19:49,425.520000,0.19400000,s,l
2026-02-06 00:19:49,425.470000,0.19400000,s,l
2026-02-06 00:19:49,425.420000,0.19400000,s,l
2026-02-06 00:19:49,425.370000,0.19294614,s,l
2026-02-06 00:19:49,425.610000,1.15128873,s,l
2026-02-06 00:19:49,425.020000,0.07660000,s,l
2026-02-06 00:19:50,425.020000,0.11740000,s,l
2026-02-06 00:19:50,425.000000,0.02000000,s,l
2026-02-06 00:19:50,424.820000,0.19400000,s,l
2026-02-06 00:19:51,424.290000,0.57445956,s,l
2026-02-06 00:19:51,424.290000,0.19400000,s,l
2026-02-06 00:19:51,424.290000,0.26005900,s,l
2026-02-06 00:19:52,423.540000,0.07012270,s,l
2026-02-06 00:19:52,423.540000,0.07012270,s,l
2026-02-06 00:19:52,423.540000,0.19400000,s,l
2026-02-06 00:19:52,423.480000,0.19400000,s,l
2026-02-06 00:19:52,423.550000,0.00375040,s,l
2026-02-06 00:19:52,425.610000,0.13000000,s,l
2026-02-06 00:19:52,425.610000,0.08266000,s,l
2026-02-06 00:19:52,425.610000,0.91734000,s,l
2026-02-06 00:19:52,423.630000,0.01577033,s,l
2026-02-06 00:19:57,423.750000,0.93371171,s,l
2026-02-06 00:19:57,423.750000,0.19400000,s,l
2026-02-06 00:19:57,423.740000,0.98792209,s,l
2026-02-06 00:19:59,426.290000,0.19400000,b,l
2026-02-06 00:19:59,426.330000,0.46505114,b,l
2026-02-06 00:19:59,428.830000,0.19400000,b,l
2026-02-06 00:19:59,428.870000,1.14694886,b,l
2026-02-06 00:20:04,428.510000,0.19400000,s,l
2026-02-06 00:20:04,428.470000,0.19400000,s,l
2026-02-06 00:20:04,427.720000,0.04100000,s,l
2026-02-06 00:20:05,427.720000,0.15300000,s,l
2026-02-06 00:20:11,428.730000,0.19400000,b,l
2026-02-06 00:20:11,428.730000,0.19400000,b,l
2026-02-06 00:20:13,429.750000,0.11634671,b,l
2026-02-06 00:20:14,426.660000,0.19400000,s,l
2026-02-06 00:20:14,426.620000,0.01048488,s,l
2026-02-06 00:20:20,425.310000,0.19400000,s,l
2026-02-06 00:20:29,427.030000,0.01162082,b,l
2026-02-06 00:20:29,427.030000,0.05311669,b,l
2026-02-06 00:20:29,427.030000,0.05311669,b,l
2026-02-06 00:20:34,426.370000,0.01287831,s,l
2026-02-06 00:21:03,425.890000,0.12009751,s,l
2026-02-06 00:21:10,430.780000,0.19400000,b,l
2026-02-06 00:21:10,430.820000,0.47066741,b,l
2026-02-06 00:21:12,431.280000,0.38620000,b,l
2026-02-06 00:21:14,431.280000,0.00008410,b,l
2026-02-06 00:21:25,434.560000,0.19400000,b,l
2026-02-06 00:21:25,434.580000,0.07924192,b,l
2026-02-06 00:21:25,434.580000,0.19400000,b,l
2026-02-06 00:21:31,433.650000,0.54000000,s,l
2026-02-06 00:21:31,433.650000,0.46000000,s,l
2026-02-06 00:21:32,432.950000,1.53858289,s,l
2026-02-06 00:21:44,433.010000,0.30771658,s,l
2026-02-06 00:21:49,433.830000,0.22300000,b,l
2026-02-06 00:21:51,433.830000,0.00003116,b,l
2026-02-06 00:21:57,432.560000,0.04905580,s,l
2026-02-06 00:22:38,432.780000,0.05241765,b,l
2026-02-06 00:22:41,433.020000,13.81864657,b,l
2026-02-06 00:22:44,434.100000,0.19400000,b,l
2026-02-06 00:22:48,433.420000,0.06154332,s,l
2026-02-06 00:22:48,433.420000,0.01230867,s,l
2026-02-06 00:23:07,434.620000,0.48830000,b,l
2026-02-06 00:23:07,434.620000,0.00005462,b,l
2026-02-06 00:23:08,434.920000,0.05810000,b,l
2026-02-06 00:23:10,434.920000,0.00009231,b,l
2026-02-06 00:23:20,433.830000,1.86279912,s,l
2026-02-06 00:23:28,433.640000,0.04028927,b,l
2026-02-06 00:24:01,433.640000,0.07939547,b,l
2026-02-06 00:24:05,434.630000,0.22720000,b,l
2026-02-06 00:24:06,434.630000,0.00008913,b,l
2026-02-06 00:24:15,433.860000,0.19400000,s,m
2026-02-06 00:24:15,433.820000,0.20053700,s,m
2026-02-06 00:24:15,433.810000,0.38746845,s,m
2026-02-06 00:24:26,435.310000,0.19400000,b,l
2026-02-06 00:24:36,434.310000,0.19400000,b,l
2026-02-06 00:24:36,434.330000,0.02764495,b,l
2026-02-06 00:24:37,432.940000,0.02342523,s,l
2026-02-06 00:24:54,434.470000,0.19400000,b,l
2026-02-06 00:24:54,434.580000,0.47188502,b,l
2026-02-06 00:24:54,434.620000,0.02636741,b,l
2026-02-06 00:24:54,434.740000,0.10000000,b,l
2026-02-06 00:25:04,433.840000,0.19400000,b,l
2026-02-06 00:25:05,433.500000,1.00000000,s,l
2026-02-06 00:25:05,433.130000,0.04610000,s,l
2026-02-06 00:25:05,433.130000,0.00007551,s,l
2026-02-06 00:27:01,434.840000,0.09120000,s,l
2026-02-06 00:27:01,434.840000,0.00009836,s,l
2026-02-06 00:27:26,436.520000,0.10000000,b,l
2026-02-06 00:27:26,435.830000,0.04578613,s,l
2026-02-06 00:27:40,435.290000,0.11900000,s,l
2026-02-06 00:28:50,435.790000,0.19400000,b,l
2026-02-06 00:28:54,435.710000,0.06718459,b,l
2026-02-06 00:28:54,435.710000,0.12681541,b,l
2026-02-06 00:28:54,435.750000,7.29228766,b,l
2026-02-06 00:29:01,435.740000,0.11281212,b,l
2026-02-06 00:29:01,435.740000,0.19400000,b,l
2026-02-06 00:30:00,436.520000,0.36590000,s,l
2026-02-06 00:30:00,436.520000,0.59150000,s,l
2026-02-06 00:30:00,436.520000,0.04484503,s,l
2026-02-06 00:30:13,437.510000,0.03030000,b,l
2026-02-06 00:30:25,436.490000,0.04410000,b,l
2026-02-06 00:30:30,436.460000,0.85000000,b,l
2026-02-06 00:30:30,436.460000,2.30000000,b,l
2026-02-06 00:30:37,436.490000,0.00007688,b,l
2026-02-06 00:30:37,437.510000,0.00004513,b,l
2026-02-06 00:31:05,438.580000,0.05280000,b,l
2026-02-06 00:31:05,438.580000,0.00008701,b,l
2026-02-06 00:31:05,439.000000,3.00000000,b,l
2026-02-06 00:31:08,439.990000,0.30065813,b,l
2026-02-06 00:31:08,440.000000,8.83434187,b,l
2026-02-06 00:31:08,440.000000,11.16565813,b,l
2026-02-06 00:31:08,440.400000,0.22303116,b,l
2026-02-06 00:31:50,440.570000,0.70433810,b,l
2026-02-06 00:31:50,440.570000,0.19400000,b,l
2026-02-06 00:32:08,438.320000,0.09299999,s,l
2026-02-06 00:32:52,439.610000,0.02222883,b,l
2026-02-06 00:33:56,442.100000,0.19400000,b,l
2026-02-06 00:33:56,442.110000,0.05080688,b,l
2026-02-06 00:34:04,442.810000,0.02970000,b,l
2026-02-06 00:34:05,442.810000,0.00006187,b,l
2026-02-06 00:34:05,443.040000,0.22253487,b,l
2026-02-06 00:34:12,442.550000,0.27156270,s,l
2026-02-06 00:34:24,443.680000,0.19400000,b,l
2026-02-06 00:34:24,443.720000,0.06848951,b,l
2026-02-06 00:34:24,443.870000,0.19400000,b,l
2026-02-06 00:34:24,443.900000,0.07613870,b,l
2026-02-06 00:34:36,445.510000,0.19400000,b,m
2026-02-06 00:34:36,445.540000,1.84657681,b,m
2026-02-06 00:34:36,445.700000,0.59012137,b,l
2026-02-06 00:34:37,446.120000,0.01834889,b,l
2026-02-06 00:34:37,446.120000,0.02565111,b,l
2026-02-06 00:34:51,446.100000,10.00000000,b,l
2026-02-06 00:35:07,447.070000,0.22303116,b,l
2026-02-06 00:35:07,447.070000,0.19400000,b,l
2026-02-06 00:35:11,447.420000,0.57957787,b,l
2026-02-06 00:35:13,447.620000,0.07613870,b,l
2026-02-06 00:35:13,447.670000,0.07888153,b,l
2026-02-06 00:35:18,447.650000,1.11111111,b,l
2026-02-06 00:35:19,447.100000,0.09717146,s,l
2026-02-06 00:35:19,447.100000,0.75681737,s,l
2026-02-06 00:35:23,447.640000,0.57857943,b,l
2026-02-06 00:35:35,447.530000,0.59695844,b,l
2026-02-06 00:35:45,447.620000,0.07613870,b,l
2026-02-06 00:35:53,447.510000,0.19400000,b,m
2026-02-06 00:35:53,447.520000,0.57882513,b,m
2026-02-06 00:35:53,447.690000,0.19400000,b,m
2026-02-06 00:35:53,447.730000,0.10000000,b,m
2026-02-06 00:35:53,447.770000,0.05029899,b,m
2026-02-06 00:35:54,447.620000,0.13700000,b,l
2026-02-06 00:35:54,447.620000,0.46083476,b,l
2026-02-06 00:35:57,447.200000,0.58331312,b,l
2026-02-06 00:36:01,446.770000,0.02079614,s,l
2026-02-06 00:36:16,448.230000,0.04996263,b,l
2026-02-06 00:36:16,448.370000,0.59271465,b,l
2026-02-06 00:36:20,447.110000,0.29602843,s,l
2026-02-06 00:36:20,447.110000,3.75500000,s,l
2026-02-06 00:36:20,447.110000,1.37050000,s,l
2026-02-06 00:36:20,447.110000,1.15000000,s,l
2026-02-06 00:36:28,446.800000,0.58114761,b,l
2026-02-06 00:36:28,447.030000,0.58216854,b,l
2026-02-06 00:37:00,448.170000,0.19400000,b,l
2026-02-06 00:37:00,448.210000,0.03362741,b,l
2026-02-06 00:37:18,448.410000,0.04326692,b,l
2026-02-06 00:37:25,449.000000,3.00000000,b,l
2026-02-06 00:37:25,448.330000,0.06689067,s,l
2026-02-06 00:37:28,449.410000,0.08288913,b,l
2026-02-06 00:37:29,449.410000,0.02836786,s,l
2026-02-06 00:37:29,449.220000,0.32431115,s,l
2026-02-06 00:37:29,449.220000,0.32431115,s,l
2026-02-06 00:37:46,449.240000,0.59918523,b,m
2026-02-06 00:37:46,449.630000,0.19400000,b,m
2026-02-06 00:37:46,449.920000,0.19400000,b,m
2026-02-06 00:37:46,449.920000,0.01360514,b,m
2026-02-06 00:37:46,449.960000,0.89028366,b,m
2026-02-06 00:37:46,450.120000,0.10892597,b,m
2026-02-06 00:37:47,449.420000,0.59714922,b,l
2026-02-06 00:37:53,448.960000,2.11418538,s,l
2026-02-06 00:38:01,449.560000,0.59240110,b,l
2026-02-06 00:38:15,450.370000,0.08719234,b,l
2026-02-06 00:38:18,450.550000,0.58955345,b,l
2026-02-06 00:38:18,450.550000,0.19400000,b,l
2026-02-06 00:38:27,450.220000,7.29228766,b,l
2026-02-06 00:38:27,450.230000,2.70771234,b,l
2026-02-06 00:38:43,451.350000,0.07613870,b,l
2026-02-06 00:38:43,451.430000,0.04081593,b,l
2026-02-06 00:38:51,451.800000,0.20350000,b,l
2026-02-06 00:38:51,451.800000,0.00005910,b,l
2026-02-06 00:38:53,452.620000,0.59277452,b,l
2026-02-06 00:38:53,452.620000,0.19400000,b,l
2026-02-06 00:38:54,452.790000,0.58562030,b,l
2026-02-06 00:38:58,452.960000,0.83205186,b,l
2026-02-06 00:38:58,453.020000,0.01359600,b,l
2026-02-06 00:39:07,453.840000,0.22303116,b,l
2026-02-06 00:39:12,454.180000,0.57706296,b,l
2026-02-06 00:39:20,455.070000,0.07613870,b,l
2026-02-06 00:39:20,455.070000,0.19400000,b,l
2026-02-06 00:39:20,455.160000,0.59139882,b,l
2026-02-06 00:39:22,454.450000,0.67795833,s,l
2026-02-06 00:40:03,453.380000,0.57835566,b,l
2026-02-06 00:40:34,451.970000,0.19027817,s,l
2026-02-06 00:40:34,451.970000,2.31789941,s,l
2026-02-06 00:40:36,451.970000,0.18123999,s,l
2026-02-06 00:40:39,451.350000,0.07613870,s,l
2026-02-06 00:40:39,451.350000,0.19400000,s,l
2026-02-06 00:41:06,451.320000,0.16318292,s,l
2026-02-06 00:41:21,450.730000,0.11286816,b,l
2026-02-06 00:41:27,451.570000,7.29228766,b,l
2026-02-06 00:42:04,449.870000,3.64820555,s,l
2026-02-06 00:42:37,451.400000,0.03378905,b,l
2026-02-06 00:42:57,451.240000,0.73750000,b,l
2026-02-06 00:42:58,451.320000,0.59450000,b,l
2026-02-06 00:42:59,451.600000,0.58290000,b,l
2026-02-06 00:43:03,451.260000,1.00650000,b,l
2026-02-06 00:43:03,451.260000,0.50320000,b,l
2026-02-06 00:43:03,451.260000,0.25160000,b,l
2026-02-06 00:43:03,451.260000,0.12580000,b,l
2026-02-06 00:43:03,451.260000,0.06290000,b,l
2026-02-06 00:43:03,451.260000,0.03150000,b,l
2026-02-06 00:43:03,451.260000,0.01570000,b,l
2026-02-06 00:44:07,450.990000,0.42719397,s,l
2026-02-06 00:44:50,450.900000,0.03376142,b,l
2026-02-06 00:44:50,450.900000,1.11623858,b,l
2026-02-06 00:44:50,450.900000,1.15000000,b,l
2026-02-06 00:44:50,450.900000,1.15000000,b,l
2026-02-06 00:44:50,450.900000,2.30000000,b,l
2026-02-06 00:44:50,450.900000,0.35210000,b,l
2026-02-06 00:44:50,450.900000,0.34340000,b,l
2026-02-06 00:44:50,450.900000,0.88054908,b,l
2026-02-06 00:44:50,450.940000,0.57972712,b,l
2026-02-06 00:44:52,451.440000,0.08733764,b,l
2026-02-06 00:44:58,451.920000,0.01191978,b,l
2026-02-06 00:44:58,451.930000,0.05362208,b,l
2026-02-06 00:45:04,452.840000,0.06220000,b,l
2026-02-06 00:45:04,452.840000,0.00001126,b,l
2026-02-06 00:45:05,453.330000,0.59224110,b,l
2026-02-06 00:45:10,454.000000,0.59848671,b,l
2026-02-06 00:45:16,455.000000,9.02948692,b,l
2026-02-06 00:45:16,455.000000,27.08630000,b,l
2026-02-06 00:45:16,455.000000,20.11260000,b,l
2026-02-06 00:45:16,455.000000,5.98414022,b,l
2026-02-06 00:45:16,455.000000,23.48754961,b,l
2026-02-06 00:45:16,455.000000,0.25440000,b,l
2026-02-06 00:45:16,455.000000,1.36790000,b,l
2026-02-06 00:45:16,455.000000,7.26950000,b,l
2026-02-06 00:45:16,455.000000,1.15000000,b,l
2026-02-06 00:45:16,455.000000,1.15000000,b,l
2026-02-06 00:45:16,455.000000,1.15000000,b,l
2026-02-06 00:45:16,455.000000,1.15000000,b,l
2026-02-06 00:45:16,455.000000,0.80753717,b,l
2026-02-06 00:45:20,455.070000,0.07613870,b,l
2026-02-06 00:45:25,455.060000,0.58628337,b,l
2026-02-06 00:45:38,456.600000,0.20367280,b,l
2026-02-06 00:45:40,456.810000,0.19400000,b,l
2026-02-06 00:45:40,456.850000,0.58602513,b,l
2026-02-06 00:45:40,456.950000,0.19400000,b,l
2026-02-06 00:45:46,455.790000,1.71444568,s,l
2026-02-06 00:45:46,455.740000,1.71444568,s,l
2026-02-06 00:45:46,455.740000,6.18855432,s,l
2026-02-06 00:45:56,454.810000,1.59994430,s,l
2026-02-06 00:46:41,452.850000,0.76670536,s,l
2026-02-06 00:46:42,452.850000,0.15334109,s,l
2026-02-06 00:47:16,452.200000,0.19400000,s,l
2026-02-06 00:47:16,452.170000,0.31766798,s,l
2026-02-06 00:47:43,451.350000,0.07613870,s,l
2026-02-06 00:48:11,450.520000,0.19604818,b,l
2026-02-06 00:48:11,450.520000,0.19400000,b,l
2026-02-06 00:48:11,450.530000,9.49311594,b,l
2026-02-06 00:48:11,450.540000,7.29228766,b,l
2026-02-06 00:48:11,450.550000,0.46647770,b,l
2026-02-06 00:48:11,450.610000,0.19400000,b,l
2026-02-06 00:48:11,450.690000,0.06650031,b,l
2026-02-06 00:48:11,450.700000,0.19400000,b,l
2026-02-06 00:48:11,450.800000,0.19400000,b,l
2026-02-06 00:48:11,451.060000,0.19400000,b,l
2026-02-06 00:48:11,451.230000,1.51557021,b,l
2026-02-06 00:48:37,449.820000,10.97187369,b,l
2026-02-06 00:48:37,449.830000,9.02812631,b,l
2026-02-06 00:48:41,449.080000,0.19400000,s,m
2026-02-06 00:48:41,449.050000,0.53362763,s,m
2026-02-06 00:48:48,449.340000,0.19400000,b,l
2026-02-06 00:48:48,449.370000,2.92105924,b,l
2026-02-06 00:48:48,449.390000,0.19400000,b,l
2026-02-06 00:48:48,449.430000,9.49311594,b,l
2026-02-06 00:48:48,449.500000,0.19400000,b,l
2026-02-06 00:48:48,449.570000,0.19400000,b,l
2026-02-06 00:48:48,449.620000,0.04935086,b,l
2026-02-06 00:48:48,449.700000,3.00200000,b,l
2026-02-06 00:48:48,449.750000,0.19400000,b,l
2026-02-06 00:48:48,449.900000,0.19400000,b,l
2026-02-06 00:48:48,449.950000,0.05854686,b,l
2026-02-06 00:48:48,449.960000,0.19400000,b,l
2026-02-06 00:48:48,449.990000,2.22525351,b,l
2026-02-06 00:48:48,450.010000,0.19400000,b,l
2026-02-06 00:48:48,450.110000,0.19400000,b,l
2026-02-06 00:48:48,450.150000,0.50467359,b,l
2026-02-06 00:49:31,449.020000,7.29228766,b,l
2026-02-06 00:49:31,449.210000,0.19400000,b,l
2026-02-06 00:49:31,449.260000,0.19400000,b,l
2026-02-06 00:49:31,449.430000,22.28994175,b,l
2026-02-06 00:49:31,449.440000,8.90364043,b,l
2026-02-06 00:49:31,449.460000,0.19400000,b,l
2026-02-06 00:49:31,449.460000,0.75015238,b,l
2026-02-06 00:49:50,449.970000,0.04126666,b,l
2026-02-06 00:50:25,451.500000,0.02520429,b,l
2026-02-06 00:50:34,451.690000,0.01834367,b,l
2026-02-06 00:50:34,452.290000,0.09035449,b,l
2026-02-06 00:50:55,452.070000,0.09134665,b,l
2026-02-06 00:51:04,453.210000,0.19400000,b,l
2026-02-06 00:51:04,453.250000,0.80600000,b,l
2026-02-06 00:52:55,451.470000,0.19400000,b,l
2026-02-06 00:52:55,451.500000,2.30321854,b,l
2026-02-06 00:53:47,453.020000,0.27660000,b,l
2026-02-06 00:53:49,453.020000,0.00009793,b,l
2026-02-06 00:55:33,452.390000,0.01103704,b,m
2026-02-06 00:55:42,451.350000,0.10000000,s,l
2026-02-06 00:55:42,451.290000,0.10000000,s,l
2026-02-06 00:55:57,451.350000,0.10000000,s,l
2026-02-06 00:58:37,450.240000,0.19400000,s,l
2026-02-06 00:58:37,450.190000,0.04066525,s,l
2026-02-06 00:58:37,450.190000,3.08833475,s,l
2026-02-06 00:58:37,450.130000,0.19400000,s,l
2026-02-06 00:58:37,450.120000,0.10000000,s,l
2026-02-06 00:58:37,450.110000,3.34696676,s,l
2026-02-06 00:58:46,451.660000,0.01107787,b,m
2026-02-06 00:59:31,451.750000,0.22276574,s,l
2026-02-06 01:00:18,452.100000,0.07610000,b,l
2026-02-06 01:01:03,452.100000,0.00004795,b,l
2026-02-06 01:01:38,452.140000,0.06022910,s,l
2026-02-06 01:01:46,452.930000,0.02080000,b,l
2026-02-06 01:02:56,449.890000,0.10000000,s,l
2026-02-06 01:03:10,449.240000,0.15553445,s,l
2026-02-06 01:03:27,450.610000,0.03208766,b,l
2026-02-06 01:04:10,452.440000,0.07590000,b,l
2026-02-06 01:04:17,452.440000,0.00009641,b,l
2026-02-06 01:04:22,452.280000,0.10000000,s,l
2026-02-06 01:04:31,453.220000,0.01125791,b,l
2026-02-06 01:04:31,453.240000,0.09149843,b,l
2026-02-06 01:05:04,453.080000,0.08329868,s,l
2026-02-06 01:05:04,453.080000,0.11070132,s,l
2026-02-06 01:05:15,453.070000,0.07287668,s,l
2026-02-06 01:05:34,452.390000,0.05900974,s,l
2026-02-06 01:05:39,451.960000,0.05620683,s,l
2026-02-06 01:06:25,449.590000,0.07445826,s,l
2026-02-06 01:06:50,450.510000,0.21646630,b,l
2026-02-06 01:07:00,450.100000,0.13843171,s,l
2026-02-06 01:07:00,450.100000,0.01709373,s,l
2026-02-06 01:07:00,450.100000,0.01673600,s,l
2026-02-06 01:07:00,450.100000,0.01707011,s,l
2026-02-06 01:07:00,450.100000,0.00466845,s,l
2026-02-06 01:07:00,450.090000,0.01240166,s,l
2026-02-06 01:07:00,450.090000,0.01709603,s,l
2026-02-06 01:07:13,450.530000,0.02481987,b,l
2026-02-06 01:07:48,451.260000,0.08250000,b,l
2026-02-06 01:07:48,451.260000,0.00002911,b,l
2026-02-06 01:07:52,452.100000,0.02070000,b,l
2026-02-06 01:07:52,452.100000,0.00006435,b,l
2026-02-06 01:08:10,453.720000,0.01401948,b,l
2026-02-06 01:09:14,454.450000,0.01840000,b,l
2026-02-06 01:09:15,454.450000,0.00002502,b,l
2026-02-06 01:09:30,454.140000,0.06500242,s,l
2026-02-06 01:09:39,453.790000,0.17330127,s,l
2026-02-06 01:10:08,453.150000,0.04463857,s,l
2026-02-06 01:10:17,454.500000,0.01180000,b,l
2026-02-06 01:10:17,454.500000,0.00006170,b,l
2026-02-06 01:10:28,454.810000,0.06702856,b,l
2026-02-06 01:10:36,455.070000,0.07610000,b,l
2026-02-06 01:10:59,455.030000,0.02296143,b,l
2026-02-06 01:11:03,455.070000,0.00003870,b,l
2026-02-06 01:11:21,454.970000,0.07154698,s,l
2026-02-06 01:11:43,455.860000,0.15650000,b,l
2026-02-06 01:11:44,455.860000,0.00006278,b,l
2026-02-06 01:11:47,456.300000,0.03600000,b,l
2026-02-06 01:11:47,456.300000,0.00000816,b,l
2026-02-06 01:11:51,457.470000,0.07900000,b,l
2026-02-06 01:11:51,457.470000,0.00008120,b,l
2026-02-06 01:13:02,454.090000,0.19400000,b,l
2026-02-06 01:13:02,454.220000,0.01859018,b,l
2026-02-06 01:13:05,454.230000,0.42680474,b,l
2026-02-06 01:13:05,454.370000,0.10000000,b,l
2026-02-06 01:13:05,454.430000,0.48280000,b,l
2026-02-06 01:13:05,454.430000,2.08732816,b,l
2026-02-06 01:13:23,453.070000,0.10000000,s,l
2026-02-06 01:13:45,453.100000,3.32484700,s,l
2026-02-06 01:13:45,453.040000,0.19400000,s,l
2026-02-06 01:13:45,453.000000,0.22760200,s,l
2026-02-06 01:13:45,452.990000,0.19400000,s,l
2026-02-06 01:13:45,452.990000,1.15382100,s,l
2026-02-06 01:13:45,452.860000,0.19400000,s,l
2026-02-06 01:13:45,452.850000,0.53145715,s,l
2026-02-06 01:13:45,452.850000,11.03000000,s,l
2026-02-06 01:13:45,452.810000,0.19400000,s,l
2026-02-06 01:13:45,452.720000,22.04943132,s,l
2026-02-06 01:13:45,452.700000,0.19400000,s,l
2026-02-06 01:13:45,452.540000,0.19400000,s,l
2026-02-06 01:13:45,452.490000,0.19400000,s,l
2026-02-06 01:13:45,452.450000,0.66460796,s,l
2026-02-06 01:13:45,452.440000,0.19400000,s,l
2026-02-06 01:13:45,452.400000,0.18453306,s,l
2026-02-06 01:13:45,452.400000,0.18453308,s,l
2026-02-06 01:13:45,452.340000,0.19400000,s,l
2026-02-06 01:13:45,452.290000,0.19400000,s,l
2026-02-06 01:13:45,452.280000,2.21098160,s,l
2026-02-06 01:13:45,451.920000,0.06900000,s,l
2026-02-06 01:13:50,453.010000,0.19400000,b,l
2026-02-06 01:13:50,453.050000,0.19280753,b,l
2026-02-06 01:13:50,453.060000,0.56948997,b,l
2026-02-06 01:13:50,453.090000,0.51470250,b,l
2026-02-06 01:13:55,452.430000,1.01914243,s,l
2026-02-06 01:13:55,452.430000,0.92512881,s,l
2026-02-06 01:13:57,452.430000,1.08355255,s,l
2026-02-06 01:13:57,452.430000,0.50868207,s,l
2026-02-06 01:13:57,452.430000,0.86412433,s,l
2026-02-06 01:13:58,452.690000,0.11857822,b,l
2026-02-06 01:13:59,452.430000,0.33520707,s,l
2026-02-06 01:14:00,452.430000,0.21634883,s,l
2026-02-06 01:14:00,452.430000,0.03038502,s,l
2026-02-06 01:14:00,452.430000,0.16980106,s,l
2026-02-06 01:14:01,452.430000,0.04317981,s,l
2026-02-06 01:14:01,452.430000,0.52680000,s,l
2026-02-06 01:14:01,452.430000,1.15000000,s,l
2026-02-06 01:14:01,452.430000,0.54480000,s,l
2026-02-06 01:14:01,452.430000,0.52680000,s,l
2026-02-06 01:14:01,452.430000,0.00004802,s,l
2026-02-06 01:14:02,452.000000,0.01243008,s,l
2026-02-06 01:14:13,452.000000,0.25966791,s,l
2026-02-06 01:14:14,452.000000,0.06178966,s,l
2026-02-06 01:14:15,452.310000,0.05765368,b,l
2026-02-06 01:14:15,452.320000,2.21220829,b,l
2026-02-06 01:14:15,452.360000,2.21220829,b,l
2026-02-06 01:14:40,452.640000,0.08289661,s,l
2026-02-06 01:14:40,452.630000,0.03933163,s,l
2026-02-06 01:14:41,452.630000,0.02495661,s,l
2026-02-06 01:14:42,452.630000,0.01217244,s,l
2026-02-06 01:14:58,453.270000,0.10000000,s,l
2026-02-06 01:15:03,453.400000,0.07345463,b,l
2026-02-06 01:15:12,453.850000,0.01549036,s,l
2026-02-06 01:15:13,453.860000,0.16046380,s,l
2026-02-06 01:15:14,453.860000,0.07840000,s,l
2026-02-06 01:15:14,453.860000,1.15000000,s,l
2026-02-06 01:15:14,453.860000,1.18113620,s,l
2026-02-06 01:15:14,453.850000,1.15000000,s,l
2026-02-06 01:15:14,453.850000,1.15000000,s,l
2026-02-06 01:15:14,453.850000,1.15000000,s,l
2026-02-06 01:15:14,453.850000,1.15000000,s,l
2026-02-06 01:15:14,453.850000,1.11890000,s,l
2026-02-06 01:15:14,453.850000,2.20060964,s,l
2026-02-06 01:15:15,453.410000,0.04510890,s,l
2026-02-06 01:15:26,453.320000,0.43360142,b,l
2026-02-06 01:15:43,454.140000,0.03570000,b,l
2026-02-06 01:15:44,454.140000,0.00009528,b,l
2026-02-06 01:15:49,454.510000,0.01826223,b,l
2026-02-06 01:16:03,455.150000,0.18722363,s,l
2026-02-06 01:16:10,454.330000,0.16990190,s,l
2026-02-06 01:17:18,453.760000,0.10000000,s,l
2026-02-06 01:17:38,454.710000,0.07320000,b,l
2026-02-06 01:17:45,454.710000,0.00002283,b,l
2026-02-06 01:19:40,452.810000,0.19400000,s,l
2026-02-06 01:19:40,452.540000,0.19400000,s,l
2026-02-06 01:19:40,452.490000,0.19400000,s,l
2026-02-06 01:19:40,452.440000,0.19400000,s,l
2026-02-06 01:19:40,452.410000,1.17145100,s,l
2026-02-06 01:19:40,452.390000,0.19400000,s,l
2026-02-06 01:19:40,452.340000,0.19400000,s,l
2026-02-06 01:19:40,452.300000,0.66327386,s,l
2026-02-06 01:19:40,452.290000,0.19400000,s,l
2026-02-06 01:19:40,452.200000,5.52000000,s,l
2026-02-06 01:19:40,452.160000,11.02000000,s,l
2026-02-06 01:19:44,452.020000,0.10000000,s,l
2026-02-06 01:19:54,452.570000,0.02496776,b,l
2026-02-06 01:20:39,452.760000,1.86279912,s,l
2026-02-06 01:21:17,452.110000,0.19400000,s,l
2026-02-06 01:21:17,452.060000,1.72500000,s,l
2026-02-06 01:21:17,452.060000,0.19400000,s,l
2026-02-06 01:21:25,451.850000,3.80000000,s,l
2026-02-06 01:21:30,451.630000,0.13388999,s,l
2026-02-06 01:21:30,451.350000,0.07613870,s,l
2026-02-06 01:23:29,451.940000,0.01165677,b,l
2026-02-06 01:23:29,451.960000,0.08252568,b,l
2026-02-06 01:23:54,451.500000,2.80670454,s,l
2026-02-06 01:23:54,451.500000,0.14033523,s,l
2026-02-06 01:24:30,452.030000,0.02306019,b,l
2026-02-06 01:25:14,452.580000,7.29228766,b,l
2026-02-06 01:25:14,452.590000,1.55171234,b,l
2026-02-06 01:25:35,452.610000,0.07310000,b,l
2026-02-06 01:25:35,452.610000,0.00003286,b,l
2026-02-06 01:25:35,452.610000,0.00003286,b,l
2026-02-06 01:25:35,452.670000,0.08876714,b,l
2026-02-06 01:27:21,451.440000,0.10000000,s,l
2026-02-06 01:27:21,451.390000,0.19400000,s,l
2026-02-06 01:27:30,450.320000,0.19400000,s,l
2026-02-06 01:27:30,450.310000,0.10000000,s,l
2026-02-06 01:27:30,450.280000,2.57200000,s,l
2026-02-06 01:27:30,450.190000,0.19400000,s,l
2026-02-06 01:27:35,450.040000,0.19400000,s,l
2026-02-06 01:27:35,450.000000,0.00600000,s,l
2026-02-06 01:27:37,450.010000,0.19400000,s,l
2026-02-06 01:27:37,450.000000,0.00600000,s,l
2026-02-06 01:27:57,450.580000,0.03115758,b,l
2026-02-06 01:28:34,449.540000,0.19400000,b,m
2026-02-06 01:28:34,449.560000,0.48867065,b,m
2026-02-06 01:28:34,449.800000,1.81732935,b,m
2026-02-06 01:28:40,449.100000,1.86279912,s,l
2026-02-06 01:29:08,448.550000,0.19400000,s,l
2026-02-06 01:29:08,448.490000,0.19400000,s,l
2026-02-06 01:29:08,448.490000,5.20039736,s,l
2026-02-06 01:29:44,448.120000,0.03966239,s,l
2026-02-06 01:30:53,449.060000,0.19400000,b,m
2026-02-06 01:30:53,449.100000,0.05078038,b,m
2026-02-06 01:30:53,449.110000,0.19400000,b,m
2026-02-06 01:30:53,449.150000,0.09234579,b,m
2026-02-06 01:30:53,449.160000,0.04783456,b,m
2026-02-06 01:30:53,449.260000,0.19400000,b,m
2026-02-06 01:30:53,449.310000,0.19400000,b,m
2026-02-06 01:30:53,449.430000,0.89048186,b,m
2026-02-06 01:30:53,449.560000,1.26389541,b,m
2026-02-06 01:31:16,449.140000,0.10000000,s,l
2026-02-06 01:31:16,449.110000,0.19400000,s,l
2026-02-06 01:31:16,449.060000,0.19400000,s,l
2026-02-06 01:31:16,449.010000,0.19400000,s,l
2026-02-06 01:31:16,448.960000,0.19400000,s,l
2026-02-06 01:31:16,448.910000,0.19400000,s,l
2026-02-06 01:31:16,448.860000,0.19400000,s,l
2026-02-06 01:31:16,448.810000,0.19400000,s,l
2026-02-06 01:31:16,448.720000,0.19400000,s,l
2026-02-06 01:31:16,448.630000,0.19400000,s,l
2026-02-06 01:31:16,448.580000,0.19400000,s,l
2026-02-06 01:31:16,448.530000,0.19400000,s,l
2026-02-06 01:31:16,448.440000,0.19400000,s,l
2026-02-06 01:31:16,448.410000,0.81999600,s,l
2026-02-06 01:31:16,448.390000,0.66904871,s,l
2026-02-06 01:31:19,449.430000,0.19400000,b,l
2026-02-06 01:31:19,449.460000,1.95912763,b,l
2026-02-06 01:31:30,448.200000,0.84810000,b,l
2026-02-06 01:31:30,448.200000,1.15000000,b,l
2026-02-06 01:31:30,448.200000,3.03734079,b,l
2026-02-06 01:31:30,448.200000,3.38385176,b,l
2026-02-06 01:31:31,448.200000,1.21775030,b,l
2026-02-06 01:32:02,448.770000,0.03868710,b,m
2026-02-06 01:33:33,449.260000,0.05373923,b,l
2026-02-06 01:33:52,449.460000,0.07160000,b,l
2026-02-06 01:33:52,449.460000,0.00000412,b,l
2026-02-06 01:34:07,449.730000,0.07400000,b,l
2026-02-06 01:34:07,449.730000,0.00008555,b,l
2026-02-06 01:34:08,450.140000,0.02540000,b,l
2026-02-06 01:34:09,450.140000,0.00000133,b,l
2026-02-06 01:34:50,451.050000,0.97900000,b,l
2026-02-06 01:34:56,451.050000,1.30170345,b,l
2026-02-06 01:34:57,451.230000,0.10000000,s,l
2026-02-06 01:35:12,451.610000,0.02930000,b,l
2026-02-06 01:35:24,451.150000,0.19400000,s,l
2026-02-06 01:35:24,451.120000,0.06326771,s,l
2026-02-06 01:35:50,451.150000,0.19400000,s,l
2026-02-06 01:35:50,451.100000,0.19400000,s,l
2026-02-06 01:35:50,451.010000,0.16654048,s,l
2026-02-06 01:36:00,451.610000,0.00006394,b,l
2026-02-06 01:36:28,452.480000,0.02708135,b,l
2026-02-06 01:36:28,452.540000,0.08018469,b,l
2026-02-06 01:37:10,451.880000,0.19400000,b,l
2026-02-06 01:38:05,450.950000,0.03876991,b,m
2026-02-06 01:39:44,451.020000,0.05174222,b,l
2026-02-06 01:41:06,450.920000,0.19400000,s,l
2026-02-06 01:43:18,451.570000,0.01175742,b,l
2026-02-06 01:43:23,451.910000,0.09590000,b,l
2026-02-06 01:43:34,451.910000,0.00000744,b,l
2026-02-06 01:43:34,451.910000,0.02137256,b,l
2026-02-06 01:43:57,453.370000,0.10000000,b,l
2026-02-06 01:43:57,453.520000,0.07126354,b,l
2026-02-06 01:43:59,453.490000,0.07072736,s,l
2026-02-06 01:43:59,453.490000,1.41454730,s,l
2026-02-06 01:45:15,452.480000,0.19400000,b,m
2026-02-06 01:45:15,452.760000,2.30600000,b,m
2026-02-06 01:46:35,452.470000,0.01861912,b,l
2026-02-06 01:46:35,452.590000,0.02498088,b,l
2026-02-06 01:46:36,452.590000,0.00009472,b,l
2026-02-06 01:46:37,453.170000,0.07980000,b,l
2026-02-06 01:46:37,453.170000,0.00000637,b,l
2026-02-06 01:47:37,454.560000,0.21999296,s,l
2026-02-06 01:47:37,454.440000,0.18000704,s,l
2026-02-06 01:47:45,455.070000,0.07613870,b,l
2026-02-06 01:47:58,455.970000,0.06199512,b,l
2026-02-06 01:49:44,456.770000,0.19400000,b,l
2026-02-06 01:49:44,456.820000,0.14982206,b,l
2026-02-06 01:49:44,456.820000,0.19400000,b,l
2026-02-06 01:49:44,456.850000,0.21999296,b,l
2026-02-06 01:49:53,457.020000,0.04230000,b,l
2026-02-06 01:49:53,457.020000,0.00006472,b,l
2026-02-06 01:51:17,455.860000,0.19400000,s,l
2026-02-06 01:51:17,455.830000,0.11272197,s,l
2026-02-06 01:51:48,457.020000,0.11690000,b,l
2026-02-06 01:51:48,457.020000,0.00002692,b,l
2026-02-06 01:51:56,457.330000,0.07900000,b,l
2026-02-06 01:51:56,457.330000,0.00006683,b,l
2026-02-06 01:52:41,457.170000,0.01260505,s,l
2026-02-06 01:53:05,456.780000,0.02856751,s,l
2026-02-06 01:53:39,456.510000,0.19400000,s,l
2026-02-06 01:53:39,456.480000,0.80639126,s,l
2026-02-06 01:54:04,457.430000,0.02259855,b,l
2026-02-06 01:55:11,457.850000,0.05760000,b,l
2026-02-06 01:55:11,457.850000,0.00007853,b,l
2026-02-06 01:55:12,457.920000,0.17980000,b,l
2026-02-06 01:55:12,457.920000,0.00002562,b,l
2026-02-06 01:55:13,458.000000,0.42580000,b,l
2026-02-06 01:55:14,458.000000,0.51970200,b,l
2026-02-06 01:55:14,458.000000,1.15000000,b,l
2026-02-06 01:55:14,458.000000,0.51970200,b,l
2026-02-06 01:55:14,458.000000,0.38479600,b,l
2026-02-06 01:55:32,458.230000,0.03318174,b,l
2026-02-06 01:55:46,458.670000,0.09418134,s,l
2026-02-06 01:56:18,458.790000,0.07613870,b,l
2026-02-06 01:56:22,459.100000,0.03794376,b,l
2026-02-06 01:56:24,459.390000,0.07252442,b,l
2026-02-06 01:56:30,459.920000,0.19400000,b,l
2026-02-06 01:56:30,459.930000,0.04952931,b,l
2026-02-06 01:56:30,460.210000,0.19400000,b,l
2026-02-06 01:56:30,460.240000,0.65850524,b,l
2026-02-06 01:56:38,460.210000,0.07452515,b,l
2026-02-06 01:56:38,460.210000,0.19400000,b,l
2026-02-06 01:56:43,459.890000,0.10000000,s,l
2026-02-06 01:56:45,460.200000,0.26044037,s,l
2026-02-06 01:56:45,460.200000,5.86244197,s,l
2026-02-06 01:56:46,460.200000,1.15000000,s,l
2026-02-06 01:56:46,460.200000,1.15000000,s,l
2026-02-06 01:56:46,460.200000,0.96286298,s,l
2026-02-06 01:58:46,458.590000,0.01090299,b,m
2026-02-06 01:59:05,458.040000,0.19400000,s,l
2026-02-06 01:59:05,458.020000,0.74367084,s,l
2026-02-06 01:59:05,457.960000,0.10000000,s,l
2026-02-06 01:59:05,457.940000,0.19400000,s,l
2026-02-06 01:59:05,457.890000,0.19400000,s,l
2026-02-06 01:59:05,457.890000,3.29083494,s,l
2026-02-06 01:59:05,458.040000,0.15912768,s,l
2026-02-06 01:59:05,458.040000,0.16610000,s,l
2026-02-06 01:59:05,458.040000,0.00005332,s,l
2026-02-06 01:59:05,457.800000,0.10000000,s,l
2026-02-06 01:59:05,457.740000,0.87264794,s,l
2026-02-06 01:59:06,458.100000,0.19400000,b,l
2026-02-06 01:59:06,458.140000,0.33746442,b,l
2026-02-06 01:59:59,459.160000,0.05250000,b,l
2026-02-06 02:00:00,459.160000,0.00009439,b,l
2026-02-06 02:00:30,459.450000,0.01564048,b,l
2026-02-06 02:00:30,459.620000,0.07691325,b,l
2026-02-06 02:00:30,459.840000,0.19444273,b,l
2026-02-06 02:00:52,460.710000,0.11360000,b,l
2026-02-06 02:00:53,460.710000,0.10940000,b,l
2026-02-06 02:00:53,460.710000,0.00003116,b,l
2026-02-06 02:00:57,460.890000,0.05818741,s,l
2026-02-06 02:00:57,460.890000,0.01282291,s,l
2026-02-06 02:01:08,461.060000,0.05050000,b,l
2026-02-06 02:01:08,461.060000,0.00003013,b,l
2026-02-06 02:01:09,461.400000,0.20267664,b,l
2026-02-06 02:01:10,461.400000,1.20000000,s,l
2026-02-06 02:01:34,461.200000,0.19400000,b,l
2026-02-06 02:01:34,461.230000,1.25200000,b,l
2026-02-06 02:01:34,461.230000,5.28029839,b,l
2026-02-06 02:01:34,461.240000,0.13770040,b,l
2026-02-06 02:01:34,461.450000,0.19400000,b,l
2026-02-06 02:01:34,461.550000,0.64998747,b,l
