timestamp,price,volume,side,type
2026-02-05 22:42:08,0.0010010000,3500.00000000,s,l
2026-02-05 22:42:51,0.0010060000,46503.00000000,b,l
2026-02-05 22:46:16,0.0010090000,9575.70000000,b,l
2026-02-05 23:04:29,0.0010200000,49043.64884747,b,l
2026-02-05 23:04:35,0.0010200000,49031.62539838,b,l
2026-02-05 23:04:40,0.0010200000,49007.59617741,b,l
2026-02-05 23:16:47,0.0010200000,27843.75000000,b,l
2026-02-05 23:16:47,0.0010200000,629863.21638775,b,l
2026-02-05 23:24:20,0.0010090000,67313.03000000,s,m
2026-02-05 23:27:38,0.0010110000,27843.75000000,s,l
2026-02-05 23:27:38,0.0010110000,22431.25000000,s,l
2026-02-05 23:31:43,0.0010150000,3717.30000000,s,l
2026-02-05 23:44:45,0.0009950000,27843.75000000,b,l
2026-02-05 23:44:45,0.0009960000,27843.75000000,b,l
2026-02-05 23:44:45,0.0009960000,328652.80000000,b,l
2026-02-05 23:49:34,0.0009970000,27843.75000000,b,l
2026-02-05 23:49:34,0.0009970000,119239.12000000,b,l
2026-02-05 23:52:41,0.0009870000,27843.75000000,s,l
2026-02-05 23:52:41,0.0009870000,72156.25000000,s,l
2026-02-05 23:52:41,0.0009870000,41370.00000000,s,l
2026-02-05 23:52:44,0.0009860000,27843.75000000,s,l
2026-02-05 23:52:44,0.0009860000,223560.05000000,s,l
2026-02-05 23:56:16,0.0009860000,27843.75000000,s,l
2026-02-06 00:00:11,0.0009880000,27843.75000000,s,l
2026-02-06 00:00:11,0.0009880000,201616.95000000,s,l
2026-02-06 00:01:43,0.0009880000,3457.15478900,b,l
2026-02-06 00:02:00,0.0009900000,3457.15478900,b,l
2026-02-06 00:03:11,0.0009830000,3457.15478900,b,l
2026-02-06 00:03:12,0.0009810000,28103.89530000,s,l
2026-02-06 00:03:12,0.0009810000,73936.92070000,s,l
2026-02-06 00:03:12,0.0009810000,239106.07930000,s,l
2026-02-06 00:03:12,0.0009800000,18000.00000000,s,l
2026-02-06 00:03:13,0.0009800000,44536.00000000,s,l
2026-02-06 00:03:13,0.0009800000,36280.00000000,s,l
2026-02-06 00:03:33,0.0009810000,20000.00000000,s,m
2026-02-06 00:03:42,0.0009870000,3457.15500000,b,l
2026-02-06 00:04:01,0.0009900000,16542.84500000,s,l
2026-02-06 00:04:17,0.0009870000,3457.15500000,b,l
2026-02-06 00:04:48,0.0009880000,3457.15500000,b,l
2026-02-06 00:05:27,0.0009820000,3457.15478900,b,l
2026-02-06 00:06:34,0.0009730000,20366.59878000,b,m
2026-02-06 00:06:38,0.0009730000,3457.15500000,b,l
2026-02-06 00:06:57,0.0009800000,27280.90870000,b,l
2026-02-06 00:07:38,0.0009830000,3457.15500000,b,l
2026-02-06 00:07:54,0.0009820000,3457.15500000,b,l
2026-02-06 00:08:33,0.0009790000,73235.00000000,b,l
2026-02-06 00:08:51,0.0009770000,3457.15500000,b,l
2026-02-06 00:09:23,0.0009680000,3457.15500000,b,l
2026-02-06 00:10:17,0.0009750000,3457.15500000,b,l
2026-02-06 00:10:51,0.0009680000,3457.15500000,b,l
2026-02-06 00:11:09,0.0009650000,3457.15500000,b,l
2026-02-06 00:11:10,0.0009650000,6914.31000000,b,l
2026-02-06 00:11:37,0.0009630000,20366.59878000,s,m
2026-02-06 00:12:25,0.0009630000,3457.15500000,b,l
2026-02-06 00:12:57,0.0009610000,3457.15500000,b,l
2026-02-06 00:13:18,0.0009490000,16909.44370000,s,l
2026-02-06 00:13:19,0.0009480000,36416.00000000,s,l
2026-02-06 00:13:19,0.0009480000,22366.67805100,s,l
2026-02-06 00:13:20,0.0009480000,18912.44069999,s,l
2026-02-06 00:13:20,0.0009480000,1279639.76793249,s,l
2026-02-06 00:13:21,0.0009490000,3457.15500000,b,l
2026-02-06 00:13:31,0.0009450000,757.80000000,b,l
2026-02-06 00:13:38,0.0009450000,3457.15500000,b,l
2026-02-06 00:13:44,0.0009400000,27843.75000000,s,l
2026-02-06 00:13:44,0.0009390000,25517.25000000,s,l
2026-02-06 00:13:46,0.0009440000,30000.00000000,b,l
2026-02-06 00:14:03,0.0009360000,27843.75000000,s,l
2026-02-06 00:14:04,0.0009350000,49903.84500000,s,l
2026-02-06 00:14:04,0.0009350000,38716.00000000,s,l
2026-02-06 00:14:04,0.0009350000,17206.00000000,s,l
2026-02-06 00:14:04,0.0009350000,18529.32600000,s,l
2026-02-06 00:14:04,0.0009320000,20029.00000000,s,l
2026-02-06 00:14:04,0.0009320000,54921.36500000,s,l
2026-02-06 00:14:04,0.0009320000,27843.75000000,s,l
2026-02-06 00:14:06,0.0009300000,82867.00000000,s,l
2026-02-06 00:14:06,0.0009300000,22788.91390000,s,l
2026-02-06 00:14:06,0.0009300000,0.00007850,s,l
2026-02-06 00:14:08,0.0009270000,75937.00000000,b,l
2026-02-06 00:14:15,0.0009260000,27843.75000000,s,l
2026-02-06 00:14:15,0.0009260000,1387.25000000,s,l
2026-02-06 00:14:15,0.0009260000,32505.00000000,s,l
2026-02-06 00:14:15,0.0009260000,22815.00000000,s,l
2026-02-06 00:14:16,0.0009370000,3457.15500000,b,l
2026-02-06 00:14:23,0.0009230000,74950.36600000,s,l
2026-02-06 00:14:23,0.0009240000,74451.32700000,s,l
2026-02-06 00:14:35,0.0009210000,27085.95000000,s,l
2026-02-06 00:14:35,0.0009210000,24386.59500000,s,l
2026-02-06 00:14:35,0.0009210000,5054.83610000,s,l
2026-02-06 00:14:35,0.0009210000,28276.00000000,s,l
2026-02-06 00:14:35,0.0009210000,30427.00000000,s,l
2026-02-06 00:14:39,0.0009160000,130000.00000000,s,l
2026-02-06 00:14:39,0.0009160000,76500.00000000,s,l
2026-02-06 00:14:39,0.0009160000,25033.00000000,s,l
2026-02-06 00:14:39,0.0009160000,25274.77721100,s,l
2026-02-06 00:14:39,0.0009160000,43192.22278900,s,l
2026-02-06 00:14:39,0.0009140000,8273.77721100,s,l
2026-02-06 00:14:39,0.0009140000,19569.97278900,s,l
2026-02-06 00:14:40,0.0009120000,8000.00000000,s,l
2026-02-06 00:14:41,0.0009110000,452734.01942000,b,l
2026-02-06 00:14:41,0.0009110000,0.00000502,b,l
2026-02-06 00:14:41,0.0009120000,452734.01941498,b,l
2026-02-06 00:14:45,0.0009280000,3457.15500000,b,l
2026-02-06 00:14:46,0.0009090000,17455.00000000,s,l
2026-02-06 00:14:46,0.0009090000,10388.75000000,s,l
2026-02-06 00:14:46,0.0009080000,6626.25000000,s,l
2026-02-06 00:14:48,0.0009080000,27843.75000000,s,l
2026-02-06 00:14:48,0.0009070000,27843.75000000,s,l
2026-02-06 00:14:48,0.0009070000,13983.50000000,s,l
2026-02-06 00:14:48,0.0009070000,60175.00000000,s,l
2026-02-06 00:14:59,0.0009180000,27843.75000000,s,l
2026-02-06 00:14:59,0.0009150000,2160.65000000,s,l
2026-02-06 00:15:06,0.0009280000,34482.75862069,b,l
2026-02-06 00:15:18,0.0009200000,300000.00000000,s,l
2026-02-06 00:15:18,0.0009220000,3457.15500000,b,l
2026-02-06 00:15:35,0.0009120000,34668.96550000,s,l
2026-02-06 00:15:37,0.0009170000,3457.15500000,b,l
2026-02-06 00:15:42,0.0009120000,0.00001724,s,l
2026-02-06 00:15:53,0.0009130000,3457.15500000,b,l
2026-02-06 00:16:38,0.0009130000,3457.15500000,b,l
2026-02-06 00:16:56,0.0009230000,1440.40000000,b,l
2026-02-06 00:16:57,0.0009260000,3457.15500000,b,l
2026-02-06 00:17:04,0.0009320000,50000.00000000,b,l
2026-02-06 00:17:18,0.0009370000,54390.99500000,s,l
2026-02-06 00:17:18,0.0009370000,41947.97440000,s,l
2026-02-06 00:17:19,0.0009380000,18394.00000000,b,l
2026-02-06 00:17:31,0.0009380000,3457.15500000,b,l
2026-02-06 00:18:29,0.0009330000,3457.15500000,b,l
2026-02-06 00:19:02,0.0009250000,3457.15500000,b,l
2026-02-06 00:19:46,0.0008910000,3300.00000000,s,l
2026-02-06 00:19:49,0.0008860000,3457.15500000,b,l
2026-02-06 00:19:49,0.0008860000,21194.60000000,b,l
2026-02-06 00:19:50,0.0008810000,81833.06055646,s,m
2026-02-06 00:21:36,0.0009190000,27843.75000000,b,l
2026-02-06 00:21:36,0.0009200000,14717.05000000,b,l
2026-02-06 00:21:53,0.0009140000,27843.75000000,b,l
2026-02-06 00:21:54,0.0009140000,2156.25000000,b,l
2026-02-06 00:21:54,0.0009150000,8290.65000000,b,l
2026-02-06 00:22:06,0.0009050000,25105.10200200,s,l
2026-02-06 00:23:41,0.0009080000,22099.44751000,b,m
2026-02-06 00:24:05,0.0009140000,1357334.88800000,b,l
2026-02-06 00:24:11,0.0009120000,13459.20000000,s,l
2026-02-06 00:24:32,0.0009120000,13459.20000000,s,l
2026-02-06 00:24:34,0.0009130000,20871.10000000,b,l
2026-02-06 00:24:54,0.0009130000,17413.94500000,b,l
2026-02-06 00:25:59,0.0009120000,3457.15500000,b,l
2026-02-06 00:26:10,0.0009210000,5434.29500000,b,l
2026-02-06 00:26:17,0.0009230000,100000.00000000,b,l
2026-02-06 00:26:17,0.0009240000,100000.00000000,b,l
2026-02-06 00:26:17,0.0009240000,27843.75000000,b,l
2026-02-06 00:26:17,0.0009250000,27843.75000000,b,l
2026-02-06 00:26:17,0.0009260000,27843.75000000,b,l
2026-02-06 00:26:17,0.0009260000,536314.97648520,b,l
2026-02-06 00:26:17,0.0009270000,27843.75000000,b,l
2026-02-06 00:27:16,0.0009100000,509922.30000000,s,l
2026-02-06 00:28:25,0.0009170000,3457.15500000,b,l
2026-02-06 00:29:01,0.0009200000,3457.15500000,b,l
2026-02-06 00:29:38,0.0009290000,27843.75000000,b,l
2026-02-06 00:29:38,0.0009300000,548297.91781084,b,l
2026-02-06 00:29:38,0.0009310000,27843.75000000,b,l
2026-02-06 00:29:38,0.0009330000,1251330.43750307,b,l
2026-02-06 00:29:38,0.0009330000,27843.75000000,b,l
2026-02-06 00:29:38,0.0009340000,27843.75000000,b,l
2026-02-06 00:29:38,0.0009340000,152937.04468609,b,l
2026-02-06 00:29:45,0.0009250000,22099.44751000,s,m
2026-02-06 00:29:55,0.0009290000,629863.21638775,b,l
2026-02-06 00:29:55,0.0009300000,402276.88361225,b,l
2026-02-06 00:30:27,0.0009260000,629863.21638775,b,l
2026-02-06 00:30:27,0.0009270000,27843.75000000,b,l
2026-02-06 00:30:27,0.0009270000,629863.21638775,b,l
2026-02-06 00:30:27,0.0009280000,629863.21638775,b,l
2026-02-06 00:30:27,0.0009280000,158228.30083675,b,l
2026-02-06 00:30:54,0.0009290000,629863.21638775,b,l
2026-02-06 00:30:54,0.0009300000,629863.21638775,b,l
2026-02-06 00:30:54,0.0009300000,80372.66722450,b,l
2026-02-06 00:31:42,0.0009350000,27843.75000000,s,l
2026-02-06 00:31:42,0.0009350000,629863.21638775,s,l
2026-02-06 00:31:42,0.0009340000,27843.75000000,s,l
2026-02-06 00:31:42,0.0009340000,629863.21638775,s,l
2026-02-06 00:31:42,0.0009330000,27843.75000000,s,l
2026-02-06 00:31:42,0.0009330000,768363.31722450,s,l
2026-02-06 00:32:09,0.0009300000,182078.85304000,s,l
2026-02-06 00:32:34,0.0009310000,180809.16577000,s,l
2026-02-06 00:33:09,0.0009350000,30000.00000000,s,l
2026-02-06 00:34:23,0.0009510000,61431.80250000,b,l
2026-02-06 00:34:23,0.0009510000,55687.50000000,b,l
2026-02-06 00:34:24,0.0009510000,9272.05050000,b,l
2026-02-06 00:34:24,0.0009510000,18571.69950000,b,l
2026-02-06 00:34:24,0.0009510000,37115.79900000,b,l
2026-02-06 00:34:33,0.0009560000,176080.89260800,b,l
2026-02-06 00:35:41,0.0009640000,27843.75000000,b,l
2026-02-06 00:35:41,0.0009640000,76279.05000000,b,l
2026-02-06 00:36:48,0.0009680000,20746.88797000,b,m
2026-02-06 00:37:30,0.0009720000,118115.40000000,s,l
2026-02-06 00:38:34,0.0009770000,18609.80000000,b,l
2026-02-06 00:38:57,0.0009840000,3808.98010000,b,l
2026-02-06 00:39:25,0.0009890000,9656.30000000,b,l
2026-02-06 00:44:50,0.0009770000,4728.27300000,b,l
2026-02-06 00:44:50,0.0009800000,34863.00000000,b,l
2026-02-06 00:44:50,0.0009800000,28917.00000000,b,l
2026-02-06 00:45:07,0.0009850000,19306.49690000,b,l
2026-02-06 00:49:11,0.0009820000,243124.40000000,b,l
2026-02-06 00:53:24,0.0009980000,100300.90270812,b,m
2026-02-06 00:53:29,0.0009960000,20746.88797000,s,m
2026-02-06 00:54:00,0.0010030000,980.60000000,b,l
2026-02-06 00:55:30,0.0009960000,19940.17946000,b,m
2026-02-06 00:58:01,0.0009910000,27843.75000000,b,l
2026-02-06 01:00:24,0.0009890000,16503.87965882,b,l
2026-02-06 01:00:24,0.0009890000,11339.87034118,b,l
2026-02-06 01:01:21,0.0009910000,27843.75000000,s,l
2026-02-06 01:01:21,0.0009910000,403716.15000000,s,l
2026-02-06 01:03:31,0.0009910000,13469.00000000,b,l
2026-02-06 01:03:31,0.0009910000,14374.75000000,b,l
2026-02-06 01:03:31,0.0009910000,3845.25000000,b,l
2026-02-06 01:03:31,0.0009910000,25220.00000000,b,l
2026-02-06 01:03:31,0.0009910000,38716.00000000,b,l
2026-02-06 01:03:31,0.0009910000,39492.00000000,b,l
2026-02-06 01:03:31,0.0009910000,45870.00000000,b,l
2026-02-06 01:04:04,0.0009920000,27843.75000000,b,l
2026-02-06 01:04:04,0.0009920000,27843.74990000,b,l
2026-02-06 01:04:45,0.0009990000,30000.00000000,s,l
2026-02-06 01:06:20,0.0009910000,71352.30000000,s,l
2026-02-06 01:12:23,0.0010140000,976.30000000,b,l
2026-02-06 01:12:56,0.0010080000,27843.75000000,b,l
2026-02-06 01:12:56,0.0010080000,6707.25000000,b,l
2026-02-06 01:12:56,0.0010080000,290000.00000000,b,l
2026-02-06 01:12:56,0.0010080000,290000.00000000,b,l
2026-02-06 01:12:56,0.0010080000,43155.96638775,b,l
2026-02-06 01:12:56,0.0010080000,27843.75000000,b,l
2026-02-06 01:12:56,0.0010090000,27843.75000000,b,l
2026-02-06 01:12:56,0.0010090000,181156.53361225,b,l
2026-02-06 01:12:56,0.0010090000,49603.00000000,b,l
2026-02-06 01:12:56,0.0010090000,160000.00000000,b,l
2026-02-06 01:12:56,0.0010090000,31949.00000000,b,l
2026-02-06 01:12:56,0.0010090000,207154.68277550,b,l
2026-02-06 01:12:56,0.0010090000,27843.75000000,b,l
2026-02-06 01:12:56,0.0010100000,27843.75000000,b,l
2026-02-06 01:12:56,0.0010100000,17157.81722450,b,l
2026-02-06 01:12:56,0.0010100000,160000.00000000,b,l
2026-02-06 01:12:56,0.0010100000,246364.00000000,b,l
2026-02-06 01:12:56,0.0010100000,206341.39916325,b,l
2026-02-06 01:12:56,0.0010100000,27843.75000000,b,l
2026-02-06 01:14:16,0.0010130000,74250.00000000,b,l
2026-02-06 01:14:16,0.0010130000,150000.00000000,b,l
2026-02-06 01:14:16,0.0010130000,200000.00000000,b,l
2026-02-06 01:14:16,0.0010130000,15769.00000000,b,l
2026-02-06 01:15:05,0.0010170000,74250.00000000,b,l
2026-02-06 01:15:05,0.0010170000,150000.00000000,b,l
2026-02-06 01:15:06,0.0010180000,236071.00000000,b,l
2026-02-06 01:15:06,0.0010180000,49115.00000000,b,l
2026-02-06 01:15:06,0.0010180000,92909.00000000,b,l
2026-02-06 01:15:06,0.0010180000,263085.00000000,b,l
2026-02-06 01:15:06,0.0010180000,94300.00000000,b,l
2026-02-06 01:15:08,0.0010200000,180000.00000000,b,l
2026-02-06 01:15:08,0.0010200000,110000.00000000,b,l
2026-02-06 01:15:08,0.0010200000,96783.33113335,b,l
2026-02-06 01:15:08,0.0010200000,3216.66886665,b,l
2026-02-06 01:15:08,0.0010210000,27843.75000000,b,l
2026-02-06 01:15:08,0.0010220000,4231.25000000,b,l
2026-02-06 01:15:08,0.0010220000,23612.50000000,b,l
2026-02-06 01:15:08,0.0010220000,32469.50000000,b,l
2026-02-06 01:15:08,0.0010170000,22300.00000000,s,l
2026-02-06 01:15:08,0.0010200000,27843.75000000,b,l
2026-02-06 01:15:08,0.0010210000,48093.25000000,b,l
2026-02-06 01:15:08,0.0010170000,5543.75000000,s,l
2026-02-06 01:15:08,0.0010170000,22300.00000000,s,l
2026-02-06 01:16:15,0.0010150000,16414.00000000,b,l
2026-02-06 01:16:17,0.0010140000,190000.00000000,b,l
2026-02-06 01:16:17,0.0010140000,180000.00000000,b,l
2026-02-06 01:16:17,0.0010140000,110000.00000000,b,l
2026-02-06 01:16:17,0.0010140000,67438.00000000,b,l
2026-02-06 01:16:17,0.0010140000,25824.00000000,b,l
2026-02-06 01:16:18,0.0010140000,25470.00000000,b,l
2026-02-06 01:16:20,0.0010140000,25674.00000000,b,l
2026-02-06 01:16:24,0.0010130000,27843.75000000,b,l
2026-02-06 01:16:24,0.0010130000,92156.25000000,b,l
2026-02-06 01:16:24,0.0010130000,120000.00000000,b,l
2026-02-06 01:16:24,0.0010130000,70165.00000000,b,l
2026-02-06 01:16:24,0.0010130000,47636.00000000,b,l
2026-02-06 01:16:24,0.0010130000,22529.00000000,b,l
2026-02-06 01:16:36,0.0010130000,60812.00000000,b,l
2026-02-06 01:16:36,0.0010130000,60812.00000000,b,l
2026-02-06 01:16:36,0.0010130000,24891.00000000,b,l
2026-02-06 01:16:37,0.0010130000,17426.00000000,b,l
2026-02-06 01:16:42,0.0010140000,55928.00000000,b,l
2026-02-06 01:16:45,0.0010140000,140000.00000000,b,l
2026-02-06 01:17:17,0.0010190000,75937.00000000,b,l
2026-02-06 01:17:17,0.0010190000,220000.00000000,b,l
2026-02-06 01:17:17,0.0010190000,87010.00000000,b,l
2026-02-06 01:17:17,0.0010190000,41765.00000000,b,l
2026-02-06 01:17:36,0.0010210000,3000.00000000,b,l
2026-02-06 01:19:19,0.0010220000,27843.75000000,b,m
2026-02-06 01:19:19,0.0010230000,27843.75000000,b,m
2026-02-06 01:19:19,0.0010230000,629863.21638775,b,m
2026-02-06 01:19:19,0.0010240000,1231727.53025102,b,m
2026-02-06 01:19:19,0.0010240000,732529.47326500,b,m
2026-02-06 01:19:19,0.0010240000,27843.75000000,b,m
2026-02-06 01:19:19,0.0010250000,27843.75000000,b,m
2026-02-06 01:19:19,0.0010250000,107188.72735112,b,m
2026-02-06 01:19:54,0.0010180000,195882.55000000,b,l
2026-02-06 01:19:54,0.0010180000,103161.91880000,b,l
2026-02-06 01:19:54,0.0010180000,16032.52210146,b,l
2026-02-06 01:19:54,0.0010180000,16032.52210146,b,l
2026-02-06 01:19:54,0.0010180000,16032.52210146,b,l
2026-02-06 01:19:54,0.0010180000,282721.18128337,b,l
2026-02-06 01:21:06,0.0010190000,27843.75000000,b,m
2026-02-06 01:21:06,0.0010190000,4156.25000000,b,m
2026-02-06 01:22:50,0.0010150000,150000.00000000,s,m
2026-02-06 01:32:02,0.0010120000,24642.00000000,b,l
2026-02-06 01:35:24,0.0010110000,6154.09800000,s,l
2026-02-06 01:35:57,0.0010150000,111375.00000000,b,l
2026-02-06 01:35:57,0.0010150000,24642.00000000,b,l
2026-02-06 01:36:01,0.0010160000,30000.00000000,b,l
2026-02-06 01:38:53,0.0010130000,27843.75000000,b,l
2026-02-06 01:38:53,0.0010130000,3464.35000000,b,l
2026-02-06 01:42:12,0.0010110000,476884.27299000,s,l
2026-02-06 01:43:18,0.0010140000,27843.75000000,b,l
2026-02-06 01:48:56,0.0010280000,500000.00000000,s,l
2026-02-06 01:48:56,0.0010280000,9930.68894132,s,l
2026-02-06 01:48:56,0.0010280000,119932.52744643,s,l
2026-02-06 01:49:00,0.0010270000,6004.69513420,s,l
2026-02-06 01:49:00,0.0010270000,6004.69513420,s,l
2026-02-06 01:49:00,0.0010270000,6004.69513420,s,l
2026-02-06 01:49:00,0.0010270000,6004.69513420,s,l
2026-02-06 01:49:00,0.0010270000,6004.69513420,s,l
2026-02-06 01:49:00,0.0010270000,6004.69513420,s,l
2026-02-06 01:49:01,0.0010270000,593835.04558000,s,l
2026-02-06 01:49:01,0.0010270000,0.00000255,s,l
2026-02-06 01:49:14,0.0010260000,629863.21638775,s,l
2026-02-06 01:51:44,0.0010250000,15865.78298498,b,l
2026-02-06 01:57:22,0.0010280000,30000.00000000,b,l
2026-02-06 01:57:50,0.0010310000,4685.70000000,b,l
2026-02-06 01:58:44,0.0010300000,15853.77900375,b,l
2026-02-06 02:13:59,0.0010210000,1790.00000000,b,l
2026-02-06 02:14:39,0.0010200000,35913.09032000,b,m
2026-02-06 02:19:59,0.0010160000,16074.54345194,b,l
2026-02-06 02:21:25,0.0010120000,1550.00000000,b,l
2026-02-06 02:21:42,0.0010110000,0.00000703,s,l
2026-02-06 02:22:30,0.0010090000,16185.97945850,b,l
2026-02-06 02:22:30,0.0010090000,11657.77054150,b,l
2026-02-06 02:24:14,0.0010040000,1073.10000000,b,l
2026-02-06 02:25:25,0.0010050000,1658.40000000,b,l
2026-02-06 02:28:06,0.0010040000,45487.52890000,b,l
2026-02-06 02:28:06,0.0010040000,16074.54340000,b,l
2026-02-06 02:29:21,0.0010070000,248262.16484608,b,m
2026-02-06 02:29:25,0.0010060000,6201.20000000,s,l
2026-02-06 02:33:43,0.0010150000,613889.80231700,b,l
2026-02-06 02:33:44,0.0010180000,18048.00000000,b,l
2026-02-06 02:33:44,0.0010180000,19598.00000000,b,l
2026-02-06 02:35:17,0.0010130000,3697.96100000,s,l
2026-02-06 02:38:10,0.0010150000,16090.13887239,b,l
2026-02-06 02:38:10,0.0010150000,11753.61112761,b,l
2026-02-06 02:44:22,0.0010230000,27843.74990000,b,l
2026-02-06 02:45:50,0.0010190000,19009.30000000,b,l
2026-02-06 03:00:05,0.0010100000,16169.25808909,b,l
2026-02-06 03:02:26,0.0010130000,16121.70420418,b,l
2026-02-06 03:02:49,0.0010130000,19100.76293947,b,l
2026-02-06 03:04:06,0.0010200000,15439.00000000,b,l
2026-02-06 03:04:47,0.0010160000,12981.54347658,b,l
2026-02-06 03:05:57,0.0010170000,1372659.77937256,b,l
2026-02-06 03:06:00,0.0010180000,1080382.22656448,b,l
2026-02-06 03:06:13,0.0010180000,22115.00000000,b,l
2026-02-06 03:07:04,0.0010110000,14355.00000000,s,l
2026-02-06 03:07:04,0.0010120000,629863.21638775,b,l
2026-02-06 03:07:05,0.0010130000,37554.00000000,b,l
2026-02-06 03:07:05,0.0010130000,16121.70420000,b,l
2026-02-06 03:07:06,0.0010130000,10710.74659884,b,l
2026-02-06 03:07:06,0.0010130000,5410.09237636,b,l
2026-02-06 03:07:06,0.0010130000,5410.09237636,b,l
2026-02-06 03:08:07,0.0010120000,8279.11720858,b,l
2026-02-06 03:08:07,0.0010120000,7545.64870367,b,l
2026-02-06 03:08:07,0.0010120000,7545.64870367,b,l
2026-02-06 03:09:08,0.0010160000,6326.28673701,b,l
2026-02-06 03:09:08,0.0010160000,6326.28673701,b,l
2026-02-06 03:09:08,0.0010160000,6326.28673701,b,l
2026-02-06 03:09:08,0.0010160000,3421.60863059,b,l
2026-02-06 03:10:22,0.0010110000,5176.05046343,b,l
2026-02-06 03:10:22,0.0010110000,5176.05046343,b,l
2026-02-06 03:10:22,0.0010110000,5176.05046343,b,l
2026-02-06 03:10:22,0.0010110000,5176.05046343,b,l
2026-02-06 03:11:24,0.0010090000,4322.61138660,b,l
2026-02-06 03:11:24,0.0010090000,4322.61138660,b,l
2026-02-06 03:11:24,0.0010090000,4322.61138660,b,l
2026-02-06 03:11:54,0.0010100000,250000.00000000,b,l
2026-02-06 03:12:30,0.0010070000,3934.95553689,b,l
2026-02-06 03:12:30,0.0010070000,3934.95553689,b,l
2026-02-06 03:12:30,0.0010070000,3934.95553689,b,l
2026-02-06 03:12:30,0.0010070000,3934.95553689,b,l
2026-02-06 03:12:30,0.0010070000,3934.95553689,b,l
2026-02-06 03:12:30,0.0010070000,3934.95553689,b,l
2026-02-06 03:12:30,0.0010070000,3934.95553689,b,l
2026-02-06 03:14:07,0.0010080000,27843.75000000,b,l
2026-02-06 03:17:47,0.0010100000,70399.62120000,b,l
2026-02-06 03:17:47,0.0010100000,27843.75000000,b,l
2026-02-06 03:17:47,0.0010100000,20704.20160000,b,l
2026-02-06 03:37:44,0.0010160000,27843.75000000,s,l
2026-02-06 03:37:44,0.0010160000,3177.15000000,s,l
2026-02-06 03:38:19,0.0010160000,3395.34078132,b,l
2026-02-06 03:38:19,0.0010160000,3395.34078132,b,l
2026-02-06 03:38:19,0.0010160000,3395.34078132,b,l
2026-02-06 03:38:19,0.0010160000,3395.34078132,b,l
2026-02-06 03:44:50,0.0010140000,27843.75000000,b,l
2026-02-06 03:44:50,0.0010140000,256213.75000000,b,l
2026-02-06 03:47:15,0.0010120000,27843.75000000,b,l
2026-02-06 03:47:15,0.0010120000,21875.45000000,b,l
2026-02-06 03:57:41,0.0010190000,27843.75000000,b,l
2026-02-06 03:57:41,0.0010190000,31477.25000000,b,l
2026-02-06 03:57:41,0.0010190000,84582.00000000,b,l
2026-02-06 03:57:41,0.0010190000,59321.00000000,b,l
2026-02-06 03:57:41,0.0010190000,21259.00000000,b,l
2026-02-06 03:57:41,0.0010190000,20174.00000000,b,l
2026-02-06 04:09:49,0.0010130000,843273.60410446,b,l
2026-02-06 04:14:33,0.0010160000,3373.84061020,b,l
2026-02-06 04:14:33,0.0010160000,3373.84061020,b,l
2026-02-06 04:14:33,0.0010160000,3373.84061020,b,l
2026-02-06 04:14:33,0.0010160000,3373.84061020,b,l
2026-02-06 04:15:24,0.0010180000,30479.67573086,b,l
2026-02-06 04:15:24,0.0010180000,30479.67573086,b,l
2026-02-06 04:15:24,0.0010180000,30479.67573086,b,l
2026-02-06 04:15:24,0.0010180000,30479.67573086,b,l
2026-02-06 04:15:24,0.0010180000,30479.67573086,b,l
2026-02-06 04:17:59,0.0010210000,27843.75000000,b,l
2026-02-06 04:17:59,0.0010220000,53470.00000000,b,l
2026-02-06 04:17:59,0.0010220000,91439.00000000,b,l
2026-02-06 04:17:59,0.0010220000,67377.00000000,b,l
2026-02-06 04:17:59,0.0010220000,29408.00000000,b,l
2026-02-06 04:17:59,0.0010220000,92381.00000000,b,l
2026-02-06 04:17:59,0.0010220000,29408.00000000,b,l
2026-02-06 04:29:26,0.0010230000,10284.68881005,b,l
2026-02-06 04:29:26,0.0010230000,10284.68881005,b,l
2026-02-06 04:29:26,0.0010230000,7274.37237990,b,l
2026-02-06 04:49:28,0.0010240000,83531.25010000,b,l
2026-02-06 04:49:40,0.0010250000,9668.90000000,b,l
2026-02-06 04:50:10,0.0010240000,6470.49983141,b,l
2026-02-06 04:50:10,0.0010240000,6470.49983141,b,l
2026-02-06 04:50:10,0.0010240000,6470.49983141,b,l
2026-02-06 04:51:23,0.0010250000,54920.47640000,b,l
2026-02-06 04:51:23,0.0010250000,19411.49960000,b,l
2026-02-06 04:52:59,0.0010230000,2736.00439077,s,m
2026-02-06 04:56:05,0.0010250000,6356.45848434,b,l
2026-02-06 04:56:05,0.0010250000,6356.45848434,b,l
2026-02-06 04:56:05,0.0010250000,6356.45848434,b,l
2026-02-06 04:56:05,0.0010250000,6356.45848434,b,l
2026-02-06 04:56:05,0.0010250000,2417.91606264,b,l
2026-02-06 05:03:22,0.0010320000,8487.21545934,b,l
2026-02-06 05:03:23,0.0010320000,9716.28449281,b,l
2026-02-06 05:07:00,0.0010410000,25292.00000000,b,l
2026-02-06 05:07:07,0.0010400000,19940.17946000,s,m
2026-02-06 05:08:07,0.0010410000,19230.76923000,b,m
2026-02-06 05:12:36,0.0010450000,891449.55970894,b,l
2026-02-06 05:25:42,0.0010420000,912753.09986779,b,l
2026-02-06 05:27:25,0.0010410000,22555.99570000,b,l
2026-02-06 05:31:12,0.0010470000,4468.97250000,b,l
2026-02-06 05:32:08,0.0010490000,8242.50000000,s,l
2026-02-06 05:34:49,0.0010520000,743634.02226633,b,l
2026-02-06 05:34:49,0.0010520000,629863.21638775,b,l
2026-02-06 05:34:49,0.0010520000,27843.75000000,b,l
2026-02-06 05:34:51,0.0010530000,27843.75000000,b,l
2026-02-06 05:34:51,0.0010530000,629863.21638775,b,l
2026-02-06 05:34:51,0.0010530000,149227.03361225,b,l
2026-02-06 05:37:24,0.0010520000,50879.59770000,b,l
2026-02-06 05:37:56,0.0010530000,69404.87424079,b,l
2026-02-06 06:01:40,0.0010670000,27843.75000000,b,l
2026-02-06 06:01:40,0.0010670000,243037.36185749,b,l
2026-02-06 06:01:40,0.0010680000,27843.75000000,b,l
2026-02-06 06:01:40,0.0010670000,15337.78485140,s,l
2026-02-06 06:10:32,0.0010690000,27843.75000000,b,l
2026-02-06 06:10:32,0.0010700000,27843.75000000,b,l
2026-02-06 06:12:02,0.0010660000,27843.75000000,s,l
2026-02-06 06:22:06,0.0010650000,27843.75000000,s,l
2026-02-06 06:22:06,0.0010640000,0.74516140,s,l
2026-02-06 06:22:07,0.0010640000,27843.00483860,s,l
2026-02-06 06:22:07,0.0010640000,1.49126274,s,l
2026-02-06 06:46:54,0.0010510000,27843.75000000,b,l
2026-02-06 06:46:54,0.0010510000,22156.25000000,b,l
2026-02-06 06:51:23,0.0010530000,17094.01700000,b,l
2026-02-06 06:51:52,0.0010560000,17094.01700000,b,m
2026-02-06 06:56:01,0.0010520000,19767.00000000,b,l
2026-02-06 06:56:01,0.0010520000,8076.75000000,b,l
2026-02-06 06:56:01,0.0010530000,27843.75000000,b,l
2026-02-06 06:56:01,0.0010530000,19.50000000,b,l
2026-02-06 06:56:01,0.0010530000,19767.00000000,b,l
2026-02-06 07:20:21,0.0010440000,27843.75000000,b,m
2026-02-06 07:20:21,0.0010440000,163727.13122605,b,m
2026-02-06 07:39:50,0.0010480000,27843.75000000,s,l
2026-02-06 07:39:50,0.0010480000,27843.75000000,s,l
2026-02-06 07:41:07,0.0010470000,27843.75000000,s,l
2026-02-06 07:41:09,0.0010470000,27843.75000000,s,l
2026-02-06 07:45:14,0.0010470000,27843.75000000,s,l
2026-02-06 07:45:14,0.0010470000,27843.75000000,s,l
2026-02-06 08:03:23,0.0010400000,10922.80762806,b,l
2026-02-06 08:03:24,0.0010410000,9619.73199426,b,l
2026-02-06 08:05:26,0.0010440000,19265.00000000,b,l
2026-02-06 08:19:49,0.0010370000,33561.80280000,s,l
2026-02-06 08:43:04,0.0010280000,30005.15003596,b,l
2026-02-06 08:45:26,0.0010340000,29940.03700000,b,l
2026-02-06 08:55:28,0.0010380000,27843.75000000,b,l
2026-02-06 08:55:28,0.0010380000,14827.05000000,b,l
2026-02-06 09:02:43,0.0010360000,15296.35981949,b,l
2026-02-06 09:05:06,0.0010320000,27843.75000000,b,l
2026-02-06 09:06:27,0.0010360000,27770.70500000,b,l
2026-02-06 09:06:46,0.0010360000,24131.27413127,b,m
2026-02-06 09:10:11,0.0010340000,27843.75000000,b,m
2026-02-06 09:10:11,0.0010350000,27843.75000000,b,m
2026-02-06 09:10:11,0.0010350000,40957.75966184,b,m
2026-02-06 09:14:29,0.0010350000,15811.02701245,s,l
2026-02-06 09:14:29,0.0010350000,12032.72298755,s,l
2026-02-06 09:15:14,0.0010330000,629863.21638775,s,l
2026-02-06 09:21:37,0.0010350000,924.60000000,b,l
2026-02-06 09:24:10,0.0010390000,92448.75120000,b,l
2026-02-06 09:35:12,0.0010530000,27843.75000000,b,l
2026-02-06 09:35:12,0.0010530000,478562.65825700,b,l
2026-02-06 09:35:12,0.0010530000,15537.03130196,s,l
2026-02-06 09:35:12,0.0010530000,370927.00000000,s,l
2026-02-06 09:35:14,0.0010540000,27843.75000000,b,l
2026-02-06 09:35:14,0.0010540000,80156.25000000,b,l
2026-02-06 09:35:36,0.0010550000,21294.00000000,b,l
2026-02-06 09:42:25,0.0010540000,27843.75000000,s,l
2026-02-06 09:42:25,0.0010530000,27843.75000000,s,l
2026-02-06 09:42:25,0.0010530000,60824.10000000,s,l
2026-02-06 09:47:21,0.0010510000,5219.55840000,b,l
2026-02-06 09:48:27,0.0010590000,36040.30740000,b,l
2026-02-06 09:48:27,0.0010590000,10544.26700000,b,l
2026-02-06 09:50:40,0.0010640000,1101.30000000,b,l
2026-02-06 10:01:59,0.0010650000,27337.00000000,b,l
2026-02-06 10:01:59,0.0010650000,506.75000000,b,l
2026-02-06 10:01:59,0.0010650000,20230.25000000,b,l
2026-02-06 10:01:59,0.0010650000,18005.00000000,b,l
2026-02-06 10:01:59,0.0010650000,27337.00000000,b,l
2026-02-06 10:01:59,0.0010650000,35773.00000000,b,l
2026-02-06 10:01:59,0.0010650000,53779.00000000,b,l
2026-02-06 10:01:59,0.0010650000,63111.00000000,b,l
2026-02-06 10:01:59,0.0010650000,33041.00000000,b,l
2026-02-06 10:18:01,0.0010670000,27843.75000000,b,m
2026-02-06 10:18:01,0.0010670000,580533.75248028,b,m
2026-02-06 10:20:21,0.0010690000,15292.74150629,s,l
2026-02-06 10:20:21,0.0010690000,12551.00849371,s,l
2026-02-06 10:33:40,0.0010700000,21294.00010000,b,l
2026-02-06 10:33:40,0.0010700000,6549.75000000,b,l
2026-02-06 10:36:29,0.0010720000,15249.62792779,s,l
2026-02-06 10:36:29,0.0010720000,12594.12207221,s,l
2026-02-06 10:36:50,0.0010710000,19230.76923000,s,m
2026-02-06 10:37:51,0.0010710000,18674.13632000,b,m
2026-02-06 10:47:00,0.0010690000,27843.75000000,b,l
2026-02-06 10:47:00,0.0010700000,27843.75000000,b,l
2026-02-06 10:47:00,0.0010700000,629863.21638775,b,l
2026-02-06 10:47:02,0.0010700000,27843.75000000,b,l
2026-02-06 10:47:02,0.0010710000,27843.75000000,b,l
2026-02-06 10:47:02,0.0010710000,629863.21638775,b,l
2026-02-06 10:47:02,0.0010710000,466715.28361225,b,l
2026-02-06 10:47:03,0.0010690000,17165.00000000,s,l
2026-02-06 10:50:44,0.0010690000,90000.00000000,s,m
2026-02-06 10:55:44,0.0010750000,15212.21786335,s,l
2026-02-06 11:14:19,0.0010850000,27843.75000000,s,l
2026-02-06 11:14:19,0.0010850000,27843.75000000,s,l
2026-02-06 11:23:17,0.0010810000,27843.75000000,b,m
2026-02-06 11:23:17,0.0010810000,72134.65593141,b,m
2026-02-06 11:30:32,0.0010810000,27843.75000000,b,m
2026-02-06 11:30:32,0.0010810000,148490.35700000,b,m
2026-02-06 11:32:09,0.0010810000,27843.75000000,s,l
2026-02-06 11:32:28,0.0010810000,27843.75000000,s,l
2026-02-06 11:33:56,0.0010830000,25426.67450000,s,l
2026-02-06 11:35:53,0.0010840000,27843.75000000,s,l
2026-02-06 11:35:53,0.0010840000,27843.75000000,s,l
2026-02-06 11:36:45,0.0010860000,27843.75000000,s,l
2026-02-06 11:36:45,0.0010860000,27843.75000000,s,l
2026-02-06 11:39:52,0.0010840000,15091.75930433,s,l
2026-02-06 11:41:00,0.0010850000,15066.55986860,s,l
2026-02-06 11:41:00,0.0010850000,12777.19013140,s,l
2026-02-06 11:42:32,0.0010870000,27843.75000000,s,l
2026-02-06 11:44:02,0.0010860000,10580.37093124,s,l
2026-02-06 11:44:02,0.0010860000,4486.65363412,s,l
2026-02-06 11:48:09,0.0010850000,6528.66427089,s,l
2026-02-06 11:48:09,0.0010850000,6528.66427089,s,l
2026-02-06 11:48:09,0.0010850000,6528.66427089,s,l
2026-02-06 11:48:09,0.0010850000,6528.66429707,s,l
2026-02-06 11:48:09,0.0010850000,1729.09289026,s,l
2026-02-06 11:50:36,0.0010870000,27843.75000000,s,l
2026-02-06 11:52:06,0.0010870000,176334.10700000,s,m
2026-02-06 11:54:16,0.0010880000,22750.40000000,b,l
2026-02-06 12:09:18,0.0010770000,146308.03370000,s,l
2026-02-06 12:09:18,0.0010770000,57021.69220000,s,l
2026-02-06 12:09:18,0.0010760000,236757.95380200,s,l
2026-02-06 12:09:18,0.0010760000,393105.26258575,s,l
2026-02-06 12:20:44,0.0010760000,27843.75000000,s,l
2026-02-06 12:20:47,0.0010760000,27843.75000000,s,l
2026-02-06 12:22:14,0.0010770000,27843.75000000,s,l
2026-02-06 12:23:01,0.0010770000,24257.70271399,s,l
2026-02-06 12:23:01,0.0010770000,3586.04728601,s,l
2026-02-06 12:24:12,0.0010750000,27843.75000000,b,m
2026-02-06 12:24:12,0.0010750000,173756.25000000,b,m
2026-02-06 12:28:19,0.0010770000,185701.02135562,b,m
2026-02-06 12:31:10,0.0010750000,27843.75000000,s,l
2026-02-06 12:32:55,0.0010770000,27843.75000000,s,l
2026-02-06 12:32:55,0.0010770000,27843.75000000,s,l
2026-02-06 12:42:50,0.0010810000,27843.75000000,s,l
2026-02-06 12:54:02,0.0010760000,10218.47433115,s,l
2026-02-06 12:59:26,0.0010780000,25000.00000000,s,l
2026-02-06 13:02:48,0.0010770000,15213.36121465,b,l
2026-02-06 13:07:00,0.0010810000,33713.16056916,b,m
2026-02-06 13:07:52,0.0010810000,52664.80000000,b,l
2026-02-06 13:11:48,0.0010810000,27843.75000000,s,l
2026-02-06 13:14:33,0.0010810000,27843.75000000,s,l
2026-02-06 13:14:35,0.0010810000,27843.75000000,s,l
2026-02-06 13:14:36,0.0010810000,27843.75000000,s,l
2026-02-06 13:17:00,0.0010800000,15122.39904054,b,l
2026-02-06 13:19:19,0.0010840000,15063.98994971,b,l
2026-02-06 13:19:19,0.0010840000,12779.76005029,b,l
2026-02-06 13:32:34,0.0010850000,69404.87424079,s,l
2026-02-06 13:32:50,0.0010860000,30000.00000000,s,l
2026-02-06 13:32:50,0.0010860000,30000.00000000,s,l
2026-02-06 13:33:28,0.0010870000,17196.15402230,b,l
2026-02-06 13:33:28,0.0010870000,12803.84597770,b,l
2026-02-06 13:39:08,0.0010900000,27843.75000000,b,l
2026-02-06 13:39:08,0.0010910000,27843.75000000,b,l
2026-02-06 13:39:08,0.0010910000,165764.10000000,b,l
2026-02-06 13:43:23,0.0010930000,4710.20704368,s,l
2026-02-06 13:43:23,0.0010930000,4710.20704368,s,l
2026-02-06 13:43:23,0.0010930000,4710.20704368,s,l
2026-02-06 13:46:11,0.0010940000,14926.37980234,b,l
2026-02-06 13:48:42,0.0010940000,30000.00000000,b,l
2026-02-06 13:54:40,0.0010940000,7374.60000000,b,l
2026-02-06 14:00:50,0.0010950000,27843.75000000,s,l
2026-02-06 14:02:18,0.0010960000,5032.81979119,s,l
2026-02-06 14:02:18,0.0010960000,5032.81979119,s,l
2026-02-06 14:02:18,0.0010960000,5032.81979119,s,l
2026-02-06 14:08:44,0.0010930000,27843.75000000,s,l
2026-02-06 14:08:44,0.0010930000,15497.68110000,s,l
2026-02-06 14:08:44,0.0010930000,27843.75000000,s,l
2026-02-06 14:08:44,0.0010930000,55687.50000000,s,l
2026-02-06 14:08:44,0.0010930000,27843.75000000,s,l
2026-02-06 14:08:44,0.0010930000,27843.75000000,s,l
2026-02-06 14:08:44,0.0010930000,27843.75000000,s,l
2026-02-06 14:08:44,0.0010930000,27843.74990000,s,l
2026-02-06 14:08:44,0.0010930000,12606.44900000,s,l
2026-02-06 14:08:44,0.0010930000,27843.74990000,s,l
2026-02-06 14:08:44,0.0010930000,5528.10150000,s,l
2026-02-06 14:08:45,0.0010930000,1088143.64348564,s,l
2026-02-06 14:08:59,0.0010920000,4945.85034130,s,l
2026-02-06 14:08:59,0.0010920000,4945.85034130,s,l
2026-02-06 14:08:59,0.0010920000,4945.85034130,s,l
2026-02-06 14:08:59,0.0010920000,4945.85034130,s,l
2026-02-06 14:09:21,0.0010950000,27843.75000000,b,l
2026-02-06 14:09:21,0.0010950000,482731.55000000,b,l
2026-02-06 14:21:32,0.0010880000,459558.82352941,s,l
2026-02-06 14:25:50,0.0010860000,3394.20141693,s,l
2026-02-06 14:27:41,0.0010880000,24460.68904086,s,l
2026-02-06 14:27:41,0.0010880000,3383.06095914,s,l
2026-02-06 14:33:44,0.0011020000,629863.21638775,b,l
2026-02-06 14:33:44,0.0011030000,27843.75000000,b,l
2026-02-06 14:34:57,0.0011060000,27843.75000000,b,l
2026-02-06 14:34:57,0.0011060000,41567.89749145,b,l
2026-02-06 14:35:03,0.0011030000,18674.13632000,s,m
2026-02-06 14:35:04,0.0011060000,18083.18264000,b,m
2026-02-06 14:36:51,0.0011170000,27843.75000000,b,l
2026-02-06 14:37:22,0.0011190000,63156.89520000,b,l
2026-02-06 14:39:21,0.0011170000,68487.40000000,s,l
2026-02-06 14:48:34,0.0011230000,34296.00000000,s,l
2026-02-06 14:48:34,0.0011230000,38716.00000000,s,l
2026-02-06 14:48:34,0.0011230000,16035.19501335,s,l
2026-02-06 14:48:34,0.0011220000,20485.00000000,s,l
2026-02-06 14:48:34,0.0011220000,7358.75000000,s,l
2026-02-06 14:49:45,0.0011210000,82461.98958000,s,l
2026-02-06 14:52:14,0.0011210000,27843.75000000,s,l
2026-02-06 14:52:14,0.0011210000,426284.65000000,s,l
2026-02-06 14:55:20,0.0011160000,6000.00000000,b,l
2026-02-06 15:00:02,0.0011180000,24843.75000000,s,l
2026-02-06 15:02:04,0.0011130000,27843.75000000,b,l
2026-02-06 15:02:04,0.0011140000,27843.75000000,b,l
2026-02-06 15:02:04,0.0011140000,202545.90000000,b,l
2026-02-06 15:05:26,0.0011140000,27774.44127228,s,l
2026-02-06 15:10:20,0.0011120000,18255.00000000,s,l
2026-02-06 15:10:23,0.0011130000,30000.00000000,s,l
2026-02-06 15:20:09,0.0011090000,629863.21638775,s,l
2026-02-06 15:20:09,0.0011090000,27843.75000000,s,l
2026-02-06 15:20:09,0.0011080000,27843.75000000,s,l
2026-02-06 15:20:09,0.0011080000,629863.21638775,s,l
2026-02-06 15:20:09,0.0011080000,449254.82189000,s,l
2026-02-06 15:20:09,0.0011080000,291262.71346535,s,l
2026-02-06 15:20:09,0.0011070000,27843.75000000,s,l
2026-02-06 15:20:09,0.0011070000,1858358.58186915,s,l
2026-02-06 15:21:43,0.0011120000,629863.21638775,s,l
2026-02-06 15:21:43,0.0011120000,27843.75000000,s,l
2026-02-06 15:21:43,0.0011110000,629863.21638775,s,l
2026-02-06 15:21:43,0.0011110000,27843.75000000,s,l
2026-02-06 15:21:43,0.0011110000,450050.77344900,s,l
2026-02-06 15:21:43,0.0011100000,629863.21638775,s,l
2026-02-06 15:21:43,0.0011100000,27843.75000000,s,l
2026-02-06 15:21:43,0.0011100000,287368.02738775,s,l
2026-02-06 15:23:59,0.0011100000,27843.75000000,b,l
2026-02-06 15:23:59,0.0011100000,144577.45000000,b,l
2026-02-06 15:25:22,0.0011140000,18016.10000000,b,l
2026-02-06 15:29:30,0.0011100000,8077.90000000,b,l
2026-02-06 15:29:54,0.0011090000,8077.90000000,b,l
2026-02-06 15:31:17,0.0011120000,27843.75000000,b,l
2026-02-06 15:31:17,0.0011120000,112410.07194244,b,l
2026-02-06 15:33:16,0.0011100000,100000.00000000,s,m
2026-02-06 15:33:31,0.0011120000,30000.00000000,b,l
2026-02-06 15:33:34,0.0011130000,27843.75000000,b,l
2026-02-06 15:33:34,0.0011130000,93662.51832550,b,l
2026-02-06 15:38:18,0.0011150000,27843.75000000,b,l
2026-02-06 15:38:18,0.0011150000,18054.78600000,b,l
2026-02-06 15:38:18,0.0011150000,393739.16400000,b,l
2026-02-06 15:58:22,0.0011180000,27843.75000000,b,l
2026-02-06 15:58:22,0.0011180000,3661.67177485,s,l
2026-02-06 15:58:22,0.0011180000,3661.67177485,s,l
2026-02-06 15:58:22,0.0011180000,3661.67177485,s,l
2026-02-06 15:58:22,0.0011180000,3661.67177485,s,l
2026-02-06 15:58:22,0.0011180000,3661.67177485,s,l
2026-02-06 16:00:40,0.0011150000,7469.35850000,s,l
2026-02-06 16:02:54,0.0011200000,11968.12029600,b,l
2026-02-06 16:10:58,0.0011360000,3964.73265000,b,l
2026-02-06 16:12:20,0.0011380000,629863.21638775,b,l
2026-02-06 16:12:20,0.0011380000,440990.75678400,b,l
2026-02-06 16:12:20,0.0011390000,27843.75000000,b,l
2026-02-06 16:12:20,0.0011390000,498907.17682825,b,l
2026-02-06 16:15:06,0.0011340000,88183.42151675,s,l
2026-02-06 16:16:46,0.0011360000,16456.03790933,b,l
2026-02-06 16:16:46,0.0011360000,16456.03790933,b,l
2026-02-06 16:18:12,0.0011320000,16514.02952466,b,l
2026-02-06 16:18:12,0.0011320000,16514.02952466,b,l
2026-02-06 16:19:11,0.0011370000,27843.75000000,b,l
2026-02-06 16:23:32,0.0011420000,27843.75000000,s,m
2026-02-06 16:23:32,0.0011410000,27843.75000000,s,m
2026-02-06 16:23:32,0.0011410000,530466.44750656,s,m
2026-02-06 16:23:46,0.0011430000,18083.18264000,s,m
2026-02-06 16:25:48,0.0011390000,17497.81277000,b,m
2026-02-06 16:29:49,0.0011400000,27843.75000000,s,l
2026-02-06 16:29:49,0.0011400000,41567.89749145,s,l
2026-02-06 16:30:05,0.0011410000,20532.80000000,b,l
2026-02-06 16:37:14,0.0011500000,1022.80000000,b,l
2026-02-06 16:37:52,0.0011490000,27843.75000000,b,l
2026-02-06 16:37:52,0.0011490000,27843.75000000,b,l
2026-02-06 16:38:09,0.0011500000,629863.21638775,b,l
2026-02-06 16:38:21,0.0011510000,629863.21638775,b,l
2026-02-06 16:38:23,0.0011510000,629863.21638775,b,l
2026-02-06 16:38:25,0.0011510000,629863.21638775,b,l
2026-02-06 16:39:40,0.0011480000,27843.75000000,b,l
2026-02-06 16:39:50,0.0011490000,629863.21638775,b,l
2026-02-06 16:39:58,0.0011500000,15000.00000000,b,l
2026-02-06 16:40:02,0.0011490000,27843.75000000,b,l
2026-02-06 16:40:02,0.0011490000,629863.21638775,b,l
2026-02-06 16:43:16,0.0011490000,586153.94750656,b,m
2026-02-06 16:43:25,0.0011490000,30293.36740000,b,l
2026-02-06 16:54:17,0.0011560000,27843.75000000,s,l
2026-02-06 17:14:33,0.0011500000,27843.75000000,s,l
2026-02-06 17:14:33,0.0011500000,78815.25000000,s,l
2026-02-06 17:24:16,0.0011610000,7990.70000000,b,l
2026-02-06 17:25:34,0.0011570000,27843.75000000,s,l
2026-02-06 17:25:34,0.0011570000,300000.00000000,s,l
2026-02-06 17:33:40,0.0011700000,170158.00923000,b,l
2026-02-06 17:33:40,0.0011700000,0.00000076,b,l
2026-02-06 17:33:40,0.0011700000,13958.90966164,b,l
2026-02-06 17:33:40,0.0011700000,13958.90966240,b,l
2026-02-06 17:33:43,0.0011700000,142240.18990600,b,l
2026-02-06 17:34:12,0.0011690000,3695.78800000,s,l
2026-02-06 17:35:02,0.0011660000,85763.29331046,s,l
2026-02-06 17:42:57,0.0011670000,14472.70000000,s,l
2026-02-06 17:47:29,0.0011640000,21966.43150000,s,l
2026-02-06 17:47:29,0.0011640000,63944.22142096,s,l
2026-02-06 17:53:45,0.0011550000,61179.10000000,b,l
2026-02-06 17:57:08,0.0011580000,23027.00000000,b,l
2026-02-06 17:57:08,0.0011580000,16473.00000000,b,l
2026-02-06 17:57:13,0.0011580000,84968.89536000,b,l
2026-02-06 18:01:19,0.0011520000,46012.23800000,s,l
2026-02-06 18:01:19,0.0011520000,15801.82299715,s,l
2026-02-06 18:01:19,0.0011520000,5877.31850000,s,l
2026-02-06 18:01:19,0.0011520000,13921.87500000,s,l
2026-02-06 18:01:19,0.0011520000,5192.30105840,s,l
2026-02-06 18:03:30,0.0011490000,9129.00000000,b,l
2026-02-06 18:03:30,0.0011490000,10868.83856616,b,l
2026-02-06 18:08:34,0.0011330000,27843.75000000,s,m
2026-02-06 18:08:34,0.0011330000,57919.54300000,s,m
2026-02-06 18:08:45,0.0011330000,101407.65184411,b,l
2026-02-06 18:20:56,0.0011280000,27843.75000000,b,l
2026-02-06 18:20:56,0.0011280000,36999.10000000,b,l
2026-02-06 18:20:56,0.0011290000,4574.00812535,b,l
2026-02-06 18:22:17,0.0011260000,27843.75000000,s,l
2026-02-06 18:22:32,0.0011240000,9230.96801360,s,l
2026-02-06 18:22:32,0.0011240000,9230.96801360,s,l
2026-02-06 18:22:32,0.0011240000,5323.65026101,s,l
2026-02-06 18:22:36,0.0011240000,17497.81277000,s,m
2026-02-06 18:24:37,0.0011220000,17793.59431000,b,m
2026-02-06 18:25:47,0.0011240000,6349.41007258,s,l
2026-02-06 18:25:47,0.0011240000,6349.14000370,s,l
2026-02-06 18:32:30,0.0011230000,27843.75000000,s,l
2026-02-06 18:32:57,0.0011240000,53981.94900000,b,m
2026-02-06 18:32:57,0.0011240000,27843.75000000,b,m
2026-02-06 18:32:57,0.0011250000,27843.75000000,b,m
2026-02-06 18:32:57,0.0011250000,68265.55100000,b,m
2026-02-06 18:33:18,0.0011220000,4061.82511566,s,l
2026-02-06 18:34:07,0.0011260000,27843.75000000,s,l
2026-02-06 18:38:00,0.0011280000,443397.87369700,s,l
2026-02-06 18:38:30,0.0011290000,27843.75000000,s,l
2026-02-06 18:38:40,0.0011300000,27843.75000000,s,l
2026-02-06 18:43:42,0.0011320000,9716.30857305,s,l
2026-02-06 18:43:42,0.0011310000,27843.75000000,s,l
2026-02-06 18:43:42,0.0011310000,587664.44142695,s,l
2026-02-06 19:01:49,0.0011220000,4031.06500000,s,m
2026-02-06 19:02:48,0.0011240000,13264.32848937,b,l
2026-02-06 19:05:37,0.0011220000,744272.02383796,b,l
2026-02-06 19:05:37,0.0011220000,298461.97460651,b,l
2026-02-06 19:05:37,0.0011220000,27843.75000000,b,l
2026-02-06 19:05:37,0.0011220000,298862.31361237,b,l
2026-02-06 19:05:37,0.0011220000,445276.75908200,b,l
2026-02-06 19:05:37,0.0011230000,629863.21638775,b,l
2026-02-06 19:05:37,0.0011230000,27843.75000000,b,l
2026-02-06 19:05:37,0.0011240000,27843.75000000,b,l
2026-02-06 19:05:37,0.0011240000,495152.26247341,b,l
2026-02-06 19:05:37,0.0011210000,6040.28147344,s,l
2026-02-06 19:05:37,0.0011210000,6040.28147344,s,l
2026-02-06 19:05:37,0.0011210000,6040.28147344,s,l
2026-02-06 19:05:37,0.0011210000,6040.28147344,s,l
2026-02-06 19:05:37,0.0011210000,3682.62410624,s,l
2026-02-06 19:05:56,0.0011200000,27843.75000000,b,l
2026-02-06 19:05:56,0.0011210000,27843.75000000,b,l
2026-02-06 19:05:56,0.0011210000,1424856.20698031,b,l
2026-02-06 19:05:56,0.0011220000,27843.75000000,b,l
2026-02-06 19:05:56,0.0011220000,445276.75908200,b,l
2026-02-06 19:05:56,0.0011220000,298862.31361237,b,l
2026-02-06 19:05:56,0.0011230000,27843.75000000,b,l
2026-02-06 19:05:56,0.0011240000,134710.95391434,b,l
2026-02-06 19:05:56,0.0011240000,27843.75000000,b,l
2026-02-06 19:05:56,0.0011250000,27843.75000000,b,l
2026-02-06 19:05:56,0.0011250000,265171.46641098,b,l
2026-02-06 19:06:46,0.0011220000,27843.75000000,s,l
2026-02-06 19:07:20,0.0011230000,27843.75000000,b,l
2026-02-06 19:07:20,0.0011230000,22462.85000000,b,l
2026-02-06 19:08:40,0.0011220000,27843.75000000,s,l
2026-02-06 19:08:40,0.0011220000,27843.75000000,s,l
2026-02-06 19:09:49,0.0011190000,12629.40000000,b,l
2026-02-06 19:11:25,0.0011210000,58753.50000000,b,l
2026-02-06 19:18:18,0.0011140000,23611.17139118,s,l
2026-02-06 19:18:18,0.0011140000,4232.57860882,s,l
2026-02-06 19:20:07,0.0011160000,38567.22530000,b,l
2026-02-06 19:23:02,0.0011170000,482486.66202737,b,l
2026-02-06 19:23:07,0.0011190000,6504.80000000,b,l
2026-02-06 19:24:56,0.0011190000,23867.10000000,s,l
2026-02-06 19:28:15,0.0011190000,75671.60000000,b,l
2026-02-06 19:33:22,0.0011210000,5527.40000000,s,l
2026-02-06 19:43:21,0.0011230000,872.80000000,b,l
2026-02-06 19:45:23,0.0011240000,18113.81107257,s,l
2026-02-06 19:47:02,0.0011240000,7689.11581364,s,l
2026-02-06 19:47:02,0.0011240000,7689.11581364,s,l
2026-02-06 19:47:02,0.0011240000,7689.11581364,s,l
2026-02-06 19:47:02,0.0011240000,4776.40255908,s,l
2026-02-06 20:06:24,0.0011240000,27843.75000000,b,l
2026-02-06 20:33:59,0.0011230000,17349.00000000,b,l
2026-02-06 20:33:59,0.0011230000,39647.00000000,b,l
2026-02-06 20:34:00,0.0011230000,84631.00000000,b,l
2026-02-06 20:34:00,0.0011230000,39647.00000000,b,l
2026-02-06 20:34:00,0.0011230000,12484.80822900,b,l
2026-02-06 20:34:00,0.0011240000,38716.00000000,b,l
2026-02-06 20:34:00,0.0011240000,79384.00000000,b,l
2026-02-06 20:34:00,0.0011240000,61543.00000000,b,l
2026-02-06 20:34:00,0.0011240000,226389.01437584,b,l
2026-02-06 20:34:00,0.0011240000,426627.59999986,b,l
2026-02-06 20:34:00,0.0011240000,46080.47860733,b,l
2026-02-06 20:34:00,0.0011240000,605413.48371800,b,l
2026-02-06 20:34:00,0.0011240000,0.00000046,b,l
2026-02-06 20:34:01,0.0011260000,27843.75000000,b,l
2026-02-06 20:37:41,0.0011300000,27843.75000000,s,l
2026-02-06 20:37:41,0.0011300000,28971.25000000,s,l
2026-02-06 20:59:46,0.0011210000,14564.72645848,b,l
2026-02-06 20:59:46,0.0011210000,13279.02354152,b,l
2026-02-06 21:00:08,0.0011200000,89285.71428571,s,l
2026-02-06 21:02:53,0.0011230000,15468.06616607,b,l
2026-02-06 21:07:33,0.0011160000,3323.69490000,s,l
2026-02-06 21:24:46,0.0011230000,1905.70000000,s,l
2026-02-06 21:39:01,0.0011230000,16643.59652997,b,l
2026-02-06 21:39:01,0.0011230000,11200.15347003,b,l
2026-02-06 21:40:31,0.0011240000,2873.00000000,b,l
2026-02-06 21:42:50,0.0011230000,8521.30000000,b,l
2026-02-06 21:44:15,0.0011230000,14541.21343321,b,l
2026-02-06 21:45:28,0.0011230000,8948.40000000,b,l
2026-02-06 21:46:03,0.0011230000,8451.70000000,s,l
2026-02-06 21:47:11,0.0011230000,27843.75000000,b,l
2026-02-06 21:54:05,0.0011230000,9928.80477108,b,l
2026-02-06 21:54:05,0.0011230000,9928.80477108,b,l
2026-02-06 21:57:44,0.0011240000,69308.98612384,b,l
2026-02-06 21:59:02,0.0011240000,15790.25130500,b,l
2026-02-06 21:59:02,0.0011240000,12053.49869500,b,l
2026-02-06 22:00:05,0.0011250000,10798.60721169,b,l
2026-02-06 22:00:05,0.0011250000,10798.60721169,b,l
2026-02-06 22:00:19,0.0011250000,8307.98771354,b,l
2026-02-06 22:00:19,0.0011250000,8307.98771354,b,l
2026-02-06 22:00:19,0.0011250000,8307.98771354,b,l
2026-02-06 22:00:19,0.0011250000,2919.78685938,b,l
2026-02-06 22:02:07,0.0011260000,93135.72290000,b,l
2026-02-06 22:04:17,0.0011290000,62623.39960000,b,l
2026-02-06 22:13:02,0.0011320000,16513.97505535,s,l
2026-02-06 22:13:04,0.0011310000,30000.00000000,s,l
2026-02-06 22:14:38,0.0011280000,16579.01792534,s,l
2026-02-06 22:18:14,0.0011270000,27843.75000000,s,l
2026-02-06 22:18:14,0.0011270000,138153.03018918,s,l
2026-02-06 22:18:51,0.0011270000,12615.30000000,s,l
2026-02-06 22:44:58,0.0011360000,746561.79158847,b,l
2026-02-06 22:44:58,0.0011360000,629863.21638775,b,l
2026-02-06 22:44:58,0.0011360000,308494.73710000,b,l
2026-02-06 22:44:58,0.0011360000,16490.69984857,s,l
2026-02-06 22:44:58,0.0011360000,16490.69984857,s,l
2026-02-06 22:44:58,0.0011360000,391820.85522664,s,l
2026-02-06 22:45:00,0.0011370000,82086.00000000,b,l
2026-02-06 22:48:12,0.0011380000,629863.21638775,b,l
2026-02-06 22:48:12,0.0011380000,724065.33222225,b,l
2026-02-06 23:03:07,0.0011420000,15902.37958537,b,l
2026-02-06 23:12:56,0.0011360000,88028.16901000,s,l
2026-02-06 23:12:56,0.0011360000,0.00000408,s,l
2026-02-06 23:12:56,0.0011350000,629863.21638775,s,l
2026-02-06 23:12:56,0.0011350000,439746.65238817,s,l
2026-02-06 23:25:01,0.0011280000,1477.20000000,b,l
2026-02-06 23:36:51,0.0011320000,30000.00000000,s,l
2026-02-07 00:04:44,0.0011260000,11729.64211304,s,l
2026-02-07 00:22:32,0.0011180000,2175.30000000,s,l
2026-02-07 00:26:13,0.0011180000,23625.00000000,s,l
2026-02-07 00:26:13,0.0011180000,89445.43828264,s,l
2026-02-07 00:27:09,0.0011170000,23625.00000000,s,l
2026-02-07 00:27:09,0.0011170000,34384.52892927,s,l
2026-02-07 00:28:24,0.0011130000,17969.45190000,s,l
2026-02-07 00:28:50,0.0011140000,100162.20721000,b,l
2026-02-07 00:28:50,0.0011140000,0.00000553,b,l
2026-02-07 00:31:02,0.0011130000,0.00003171,s,l
2026-02-07 00:33:25,0.0011110000,9195.33037115,b,l
2026-02-07 00:33:25,0.0011110000,9195.33037115,b,l
2026-02-07 00:33:25,0.0011110000,9195.33037115,b,l
2026-02-07 00:33:25,0.0011110000,9195.33037115,b,l
2026-02-07 00:33:42,0.0011120000,3300.00000000,s,l
2026-02-07 00:34:48,0.0011130000,3300.00000000,b,l
2026-02-07 00:35:03,0.0011130000,3300.00000000,s,l
2026-02-07 00:35:45,0.0011120000,3300.00000000,b,l
2026-02-07 00:37:18,0.0011140000,8590.10000000,b,l
2026-02-07 00:38:17,0.0011120000,86870.25999000,b,l
2026-02-07 00:38:17,0.0011130000,49355.00000000,b,l
2026-02-07 00:38:17,0.0011150000,30000.00000000,b,l
2026-02-07 00:38:17,0.0011150000,19355.00000000,b,l
2026-02-07 00:38:17,0.0011150000,4270.00000000,b,l
2026-02-07 00:38:17,0.0011180000,16882.00000000,b,l
2026-02-07 00:38:17,0.0011140000,23625.00000000,b,l
2026-02-07 01:05:13,0.0011150000,9443.21288297,s,l
2026-02-07 01:05:13,0.0011150000,8967.40348832,s,l
2026-02-07 01:12:23,0.0011120000,890.40000000,b,l
2026-02-07 01:12:31,0.0011100000,23625.00000000,s,l
2026-02-07 01:12:53,0.0011090000,4002.37794739,s,l
2026-02-07 01:28:36,0.0011130000,1042.85700000,b,l
2026-02-07 02:00:03,0.0011220000,4456.32798573,s,l
2026-02-07 02:00:03,0.0011200000,12682.60000000,s,l
2026-02-07 02:02:31,0.0011220000,6831.98833374,b,l
2026-02-07 02:04:57,0.0011220000,10748.00000000,s,l
2026-02-07 02:04:57,0.0011220000,11350.10344954,s,l
2026-02-07 02:05:06,0.0011230000,14568.00172279,s,l
2026-02-07 02:05:06,0.0011230000,14568.00172279,s,l
2026-02-07 02:19:48,0.0011260000,6098.27415337,s,l
2026-02-07 02:23:03,0.0011270000,23625.00000000,s,l
2026-02-07 02:24:08,0.0011270000,17695.47936047,s,l
2026-02-07 02:24:08,0.0011270000,5929.52063953,s,l
2026-02-07 02:25:25,0.0011280000,88652.48226950,s,l
2026-02-07 02:31:28,0.0011250000,23625.00000000,s,l
2026-02-07 03:02:14,0.0011250000,71859.47000000,b,l
2026-02-07 03:04:57,0.0011230000,9524.00000000,s,l
2026-02-07 03:04:57,0.0011230000,14101.00000000,s,l
2026-02-07 03:04:57,0.0011230000,361.20461643,s,l
2026-02-07 03:07:46,0.0011230000,89047.19500000,s,l
2026-02-07 03:12:18,0.0011320000,23625.00000000,s,l
2026-02-07 03:12:18,0.0011320000,1492.10000000,s,l
2026-02-07 03:14:44,0.0011300000,23625.00000000,s,l
2026-02-07 03:44:51,0.0011290000,34318.40599481,b,l
2026-02-07 03:44:51,0.0011290000,14754.44860732,b,l
2026-02-07 03:44:51,0.0011290000,41466.44000000,b,l
2026-02-07 03:44:51,0.0011300000,20662.00000000,b,l
2026-02-07 03:44:54,0.0011330000,30000.00000000,s,l
2026-02-07 03:45:00,0.0011320000,30000.00000000,s,l
2026-02-07 03:45:00,0.0011320000,3300.00000000,s,l
2026-02-07 03:45:01,0.0011310000,3300.00000000,b,l
2026-02-07 03:47:11,0.0011290000,30000.00000000,b,l
2026-02-07 04:04:40,0.0011360000,17389.13294014,s,l
2026-02-07 04:19:54,0.0011370000,23625.00000000,b,l
2026-02-07 04:19:54,0.0011370000,16796.20000000,b,l
2026-02-07 04:25:56,0.0011340000,88183.42151675,s,l
2026-02-07 04:35:40,0.0011310000,88183.42200000,b,l
2026-02-07 04:35:40,0.0011310000,442150.45665900,b,l
2026-02-07 04:35:40,0.0011310000,223574.53839321,b,l
2026-02-07 04:44:02,0.0011230000,17068.20000000,b,l
2026-02-07 04:49:40,0.0011230000,8816.60000000,b,l
2026-02-07 04:55:08,0.0011220000,23625.00000000,s,l
2026-02-07 05:04:32,0.0011260000,16781.07990802,s,l
2026-02-07 05:15:53,0.0011290000,23625.00000000,s,l
2026-02-07 05:15:53,0.0011280000,23625.00000000,s,l
2026-02-07 05:15:53,0.0011280000,359857.70000000,s,l
2026-02-07 05:22:12,0.0011350000,56100.90000000,b,l
2026-02-07 05:25:25,0.0011320000,23625.00000000,s,l
2026-02-07 05:25:25,0.0011320000,629863.21638775,s,l
2026-02-07 05:25:25,0.0011320000,88339.22261484,s,l
2026-02-07 05:28:13,0.0011270000,14485.08581651,b,l
2026-02-07 05:28:13,0.0011270000,9139.91418349,b,l
2026-02-07 05:55:30,0.0011210000,133809.09901000,s,l
2026-02-07 05:55:30,0.0011210000,0.00000873,s,l
2026-02-07 06:03:16,0.0011250000,23625.00000000,b,m
2026-02-07 06:03:16,0.0011250000,28121.30000000,b,m
2026-02-07 06:04:33,0.0011240000,11939.08155065,s,l
2026-02-07 06:12:21,0.0011250000,49741.93660000,s,l
2026-02-07 06:12:21,0.0011250000,394037.06576700,s,l
2026-02-07 06:12:21,0.0011250000,394037.06576700,s,l
2026-02-07 06:12:21,0.0011250000,88888.88888888,s,l
2026-02-07 06:12:21,0.0011220000,23235.00000000,s,l
2026-02-07 06:12:21,0.0011220000,13578.00000000,s,l
2026-02-07 06:12:22,0.0011230000,23235.00000000,s,l
2026-02-07 06:12:22,0.0011230000,18112.00000000,s,l
2026-02-07 06:12:22,0.0011230000,13578.00000000,s,l
2026-02-07 06:12:22,0.0011230000,299824.09125588,s,l
2026-02-07 06:12:22,0.0011200000,23625.00000000,s,l
2026-02-07 06:12:23,0.0011190000,23625.00000000,s,l
2026-02-07 06:16:14,0.0011170000,23235.00000000,s,l
2026-02-07 06:38:53,0.0011180000,23625.00000000,s,l
2026-02-07 06:38:53,0.0011180000,57451.74701000,s,l
2026-02-07 06:47:36,0.0011110000,23625.00000000,b,l
2026-02-07 06:51:20,0.0011130000,111024.19805728,b,l
2026-02-07 06:51:20,0.0011130000,668480.34386272,b,l
2026-02-07 06:58:44,0.0011010000,30829.86740000,s,l
2026-02-07 06:58:44,0.0011010000,54454.86746000,s,l
2026-02-07 06:58:44,0.0011000000,23625.00000000,s,l
2026-02-07 06:59:03,0.0010990000,17793.59431000,s,m
2026-02-07 06:59:04,0.0011010000,18181.81818000,b,m
2026-02-07 07:00:02,0.0010980000,629863.21638775,s,l
2026-02-07 07:00:02,0.0010980000,23624.99999225,s,l
2026-02-07 07:07:24,0.0010890000,23625.00000000,s,l
2026-02-07 07:07:24,0.0010890000,26338.60502000,s,l
2026-02-07 07:07:36,0.0010900000,17149.68689206,b,l
2026-02-07 07:25:03,0.0010880000,89082.79628000,b,l
2026-02-07 07:25:25,0.0010900000,81960.55150000,s,l
2026-02-07 07:29:04,0.0010890000,2034.70000000,b,l
2026-02-07 08:04:17,0.0010830000,17650.08900676,s,l
2026-02-07 08:04:20,0.0010820000,18181.81818000,s,m
2026-02-07 08:05:21,0.0010880000,18484.28835000,b,m
2026-02-07 08:07:08,0.0010860000,21690.00000000,s,l
2026-02-07 08:19:31,0.0010840000,23625.00000000,b,l
2026-02-07 08:19:31,0.0010840000,48678.52818202,b,l
2026-02-07 08:25:28,0.0010890000,94867.03081564,b,l
2026-02-07 08:33:02,0.0010920000,8926.82707774,s,l
2026-02-07 08:37:05,0.0010890000,39900.39990000,s,l
2026-02-07 08:37:05,0.0010890000,35831.90710000,s,l
2026-02-07 08:37:05,0.0010890000,52058.47563964,s,l
2026-02-07 08:53:01,0.0010920000,6976.47645661,s,l
2026-02-07 08:53:01,0.0010920000,6976.47645661,s,l
2026-02-07 08:53:01,0.0010920000,6976.47645661,s,l
2026-02-07 08:53:01,0.0010920000,2695.57063017,s,l
2026-02-07 08:57:11,0.0010910000,23625.00000000,b,l
2026-02-07 08:57:11,0.0010920000,23625.00000000,b,l
2026-02-07 08:57:11,0.0010920000,365956.02916392,b,l
2026-02-07 08:57:11,0.0010920000,114468.86446886,b,l
2026-02-07 08:57:11,0.0010930000,23625.00000000,b,l
2026-02-07 08:57:11,0.0010930000,457126.31246500,b,l
2026-02-07 08:57:11,0.0010930000,264494.27366953,b,l
2026-02-07 08:57:11,0.0010930000,45314.99980000,s,l
2026-02-07 08:57:11,0.0010930000,545207.52043269,s,l
2026-02-07 08:59:51,0.0010920000,91575.09157509,s,l
2026-02-07 08:59:54,0.0010920000,44771.29093772,s,l
2026-02-07 09:02:19,0.0010930000,23625.00000000,s,l
2026-02-07 09:03:20,0.0010930000,23625.00000000,s,l
2026-02-07 09:07:33,0.0010930000,23625.00000000,b,l
2026-02-07 09:07:33,0.0010930000,61060.97158000,b,l
2026-02-07 10:04:54,0.0010940000,10552.31940329,s,l
2026-02-07 10:04:54,0.0010940000,9118.76276627,s,l
2026-02-07 10:17:11,0.0010890000,53362.10000000,b,l
2026-02-07 10:33:42,0.0010870000,200000.00000000,s,l
2026-02-07 10:33:42,0.0010870000,85672.69021389,s,l
2026-02-07 10:33:42,0.0010870000,23625.00000000,s,l
2026-02-07 10:33:42,0.0010870000,629863.21638775,s,l
2026-02-07 10:33:42,0.0010860000,23625.00000000,s,l
2026-02-07 10:33:42,0.0010860000,629863.21638775,s,l
2026-02-07 10:33:42,0.0010860000,321233.47619200,s,l
2026-02-07 10:33:42,0.0010850000,23625.00000000,s,l
2026-02-07 10:33:42,0.0010850000,253594.17259071,s,l
2026-02-07 10:33:42,0.0010850000,1751496.82822790,s,l
2026-02-07 10:34:08,0.0010880000,629863.21638775,s,l
2026-02-07 10:34:08,0.0010870000,629863.21638775,s,l
2026-02-07 10:34:08,0.0010870000,300000.00000000,s,l
2026-02-07 10:34:08,0.0010870000,172288.86722450,s,l
2026-02-07 11:08:27,0.0010890000,23625.00000000,b,l
2026-02-07 11:08:27,0.0010900000,23625.00000000,b,l
2026-02-07 11:08:27,0.0010900000,191480.10000000,b,l
2026-02-07 11:18:09,0.0010880000,23625.00000000,b,m
2026-02-07 11:18:09,0.0010890000,23625.00000000,b,m
2026-02-07 11:18:09,0.0010890000,925611.79544886,b,m
2026-02-07 11:18:09,0.0010890000,629863.21638775,b,m
2026-02-07 11:18:09,0.0010890000,114784.20569329,b,m
2026-02-07 11:18:09,0.0010890000,459473.86108700,b,m
2026-02-07 11:18:09,0.0010900000,629863.21638775,b,m
2026-02-07 11:18:09,0.0010900000,23625.00000000,b,m
2026-02-07 11:18:09,0.0010900000,266402.60204691,b,m
2026-02-07 11:18:09,0.0010910000,23625.00000000,b,m
2026-02-07 11:18:09,0.0010910000,1377.80503437,b,m
2026-02-07 11:18:22,0.0010890000,114784.20569329,b,m
2026-02-07 11:18:22,0.0010890000,23625.00000000,b,m
2026-02-07 11:18:22,0.0010890000,629863.21638775,b,m
2026-02-07 11:18:22,0.0010890000,459383.77886900,b,m
2026-02-07 11:18:22,0.0010900000,266402.60204691,b,m
2026-02-07 11:18:22,0.0010900000,23625.00000000,b,m
2026-02-07 11:18:22,0.0010910000,628485.41135338,b,m
2026-02-07 11:18:22,0.0010910000,23625.00000000,b,m
2026-02-07 11:18:22,0.0010920000,23625.00000000,b,m
2026-02-07 11:18:22,0.0010920000,629863.21638775,b,m
2026-02-07 11:18:22,0.0010930000,295115.02273779,b,m
2026-02-07 11:18:22,0.0010880000,23625.00000000,s,l
2026-02-07 11:25:02,0.0010870000,30000.00000000,s,l
2026-02-07 11:39:13,0.0010880000,4942.09809000,b,m
2026-02-07 11:49:39,0.0010860000,23625.00000000,s,l
2026-02-07 11:49:39,0.0010860000,459909.63386800,s,l
2026-02-07 11:49:39,0.0010860000,629863.21638775,s,l
2026-02-07 11:49:39,0.0010850000,23625.00000000,s,l
2026-02-07 11:49:39,0.0010850000,629863.21638775,s,l
2026-02-07 11:49:39,0.0010850000,3029808.65335650,s,l
2026-02-07 11:51:01,0.0010870000,30000.00000000,b,l
2026-02-07 12:00:46,0.0010900000,32521.01590000,b,l
2026-02-07 12:01:00,0.0010940000,17250.00000000,b,l
2026-02-07 12:04:19,0.0010950000,14391.34172425,s,l
2026-02-07 12:43:58,0.0011160000,14391.34170000,s,l
2026-02-07 12:44:10,0.0011150000,18484.28835000,s,m
2026-02-07 12:44:10,0.0011160000,17921.14695000,b,m
2026-02-07 12:55:01,0.0011120000,23625.00000000,b,l
2026-02-07 12:55:01,0.0011120000,18840.32300000,b,l
2026-02-07 13:11:45,0.0011130000,8491.75960999,b,m
2026-02-07 13:14:08,0.0011110000,23625.00000000,s,l
2026-02-07 13:23:49,0.0011110000,23625.00000000,s,l
2026-02-07 13:31:29,0.0011090000,23625.00000000,s,l
2026-02-07 13:31:29,0.0011090000,23625.00000000,s,l
2026-02-07 13:36:46,0.0011040000,23625.00000000,s,l
2026-02-07 13:37:24,0.0011050000,90497.73755656,s,l
2026-02-07 13:38:02,0.0011050000,23625.00000000,s,l
2026-02-07 13:38:51,0.0011040000,90579.71014492,s,l
2026-02-07 13:38:59,0.0011030000,45577.13042248,s,l
2026-02-07 13:39:32,0.0011020000,3300.00000000,s,l
2026-02-07 13:49:26,0.0011020000,3300.00000000,b,l
2026-02-07 14:31:52,0.0011030000,30000.00000000,s,l
2026-02-07 14:48:56,0.0010890000,47250.00000000,s,l
2026-02-07 14:49:09,0.0010870000,17921.14695000,s,m
2026-02-07 14:49:09,0.0010890000,18365.47291000,b,m
2026-02-07 14:49:10,0.0010890000,5259.52709000,b,l
2026-02-07 14:49:10,0.0010890000,194740.47291000,b,l
2026-02-07 15:28:09,0.0010990000,9099.18107370,b,m
2026-02-07 15:29:23,0.0011000000,23625.00000000,s,l
2026-02-07 16:05:01,0.0011000000,14982.96805800,s,l
2026-02-07 16:05:10,0.0011060000,23625.00000000,s,l
2026-02-07 16:05:10,0.0011050000,30000.00000000,s,l
2026-02-07 16:05:10,0.0011050000,10875.00010000,s,l
2026-02-07 16:05:10,0.0011050000,23804.93390000,s,l
2026-02-07 16:05:10,0.0011050000,15133.24040000,s,l
2026-02-07 16:05:10,0.0011050000,41343.00000000,s,l
2026-02-07 16:05:10,0.0011050000,41343.00000000,s,l
2026-02-07 16:05:14,0.0011010000,30000.00000000,s,l
2026-02-07 16:05:14,0.0011020000,3300.00000000,s,l
2026-02-07 16:05:28,0.0010990000,3300.00000000,b,l
2026-02-07 16:08:28,0.0011090000,24221.00000000,s,l
2026-02-07 16:08:29,0.0011090000,605642.21638775,s,l
2026-02-07 16:11:00,0.0011110000,380062.75753200,s,l
2026-02-07 16:11:00,0.0011110000,19003.13787700,s,l
2026-02-07 16:11:56,0.0011120000,30000.00000000,s,l
2026-02-07 16:12:08,0.0011200000,399065.89600000,b,l
2026-02-07 16:14:51,0.0011160000,23625.00000000,s,l
2026-02-07 16:16:07,0.0011210000,23625.00000000,s,l
2026-02-07 16:16:41,0.0011330000,13537.00000000,s,l
2026-02-07 16:16:41,0.0011330000,10088.00000000,s,l
2026-02-07 16:16:41,0.0011320000,19352.00000000,s,l
2026-02-07 16:16:41,0.0011320000,4273.00000000,s,l
2026-02-07 16:16:41,0.0011310000,17674.00000000,s,l
2026-02-07 16:16:42,0.0011260000,18365.47291000,s,m
2026-02-07 16:16:47,0.0011260000,19681.00000000,s,l
2026-02-07 16:16:47,0.0011260000,19681.00000000,s,l
2026-02-07 16:16:47,0.0011260000,61025.00000000,s,l
2026-02-07 16:16:47,0.0011260000,56493.00000000,s,l
2026-02-07 16:16:47,0.0011260000,41343.00000000,s,l
2026-02-07 16:16:47,0.0011260000,25014.00000000,s,l
2026-02-07 16:16:47,0.0011260000,19681.00000000,s,l
2026-02-07 16:16:47,0.0011260000,23580.00000000,s,l
2026-02-07 16:16:47,0.0011260000,16947.00000000,s,l
2026-02-07 16:16:48,0.0011260000,16555.00000000,s,l
2026-02-07 16:16:48,0.0011260000,131.00000000,s,l
2026-02-07 16:16:48,0.0011260000,16686.00000000,s,l
2026-02-07 16:16:48,0.0011260000,16686.00000000,s,l
2026-02-07 16:17:10,0.0011260000,26386.00000000,s,l
2026-02-07 16:17:51,0.0011170000,23925.98640000,s,l
2026-02-07 16:17:51,0.0011170000,23625.00000000,s,l
2026-02-07 16:17:51,0.0011170000,23625.00000000,s,l
2026-02-07 16:17:51,0.0011170000,18064.48650000,s,l
2026-02-07 16:17:51,0.0011170000,5560.51350000,s,l
2026-02-07 16:17:51,0.0011170000,23625.00000000,s,l
2026-02-07 16:17:51,0.0011170000,12113.48650000,s,l
2026-02-07 16:18:06,0.0011150000,102032.73990059,b,l
2026-02-07 16:18:44,0.0011110000,23625.00000000,s,l
2026-02-07 16:18:44,0.0011110000,48678.52818202,s,l
2026-02-07 16:20:44,0.0011110000,18001.80018000,b,m
2026-02-07 16:50:11,0.0011090000,9009.00900900,s,m
2026-02-07 16:55:33,0.0011120000,23577.77952422,s,l
2026-02-07 17:08:28,0.0011080000,30000.00000000,s,l
2026-02-07 17:24:16,0.0011060000,8388.10000000,b,l
2026-02-07 17:27:39,0.0011080000,2068.90000000,s,l
2026-02-07 17:31:01,0.0011090000,5617.00000000,s,l
2026-02-07 18:00:01,0.0011090000,23625.00000000,s,l
2026-02-07 18:00:01,0.0011090000,239057.26517500,b,l
2026-02-07 18:00:02,0.0011090000,23625.00000000,s,l
2026-02-07 18:00:02,0.0011080000,23625.00000000,s,l
2026-02-07 18:00:02,0.0011080000,95194.24388826,s,l
2026-02-07 18:00:02,0.0011080000,118819.24388826,s,l
2026-02-07 18:00:02,0.0011080000,118819.24388826,s,l
2026-02-07 18:17:10,0.0011130000,50000.00000000,b,l
2026-02-07 18:29:57,0.0011230000,23625.00000000,s,l
2026-02-07 18:29:57,0.0011230000,65422.19501335,s,l
2026-02-07 18:38:04,0.0011300000,23625.00000000,b,l
2026-02-07 18:38:04,0.0011300000,25046.60000000,b,l
2026-02-07 18:41:44,0.0011260000,23625.00000000,s,l
2026-02-07 18:41:44,0.0011260000,65184.94671403,s,l
2026-02-07 18:54:15,0.0011230000,23625.00000000,s,l
2026-02-07 18:54:15,0.0011230000,629863.21638775,s,l
2026-02-07 18:54:15,0.0011230000,30000.00000000,s,l
2026-02-07 19:00:44,0.0011180000,2964.90000000,s,l
2026-02-07 19:01:11,0.0011170000,629863.21638775,s,l
2026-02-07 19:03:37,0.0011170000,3022440.07560908,b,l
2026-02-07 19:03:37,0.0011170000,28556.99730449,b,l
2026-02-07 19:03:37,0.0011170000,66422.72128029,b,l
2026-02-07 19:03:37,0.0011170000,908043.75754730,b,l
2026-02-07 19:04:29,0.0011160000,10546.81644176,s,l
2026-02-07 19:09:56,0.0011140000,89766.60682226,s,l
2026-02-07 19:15:02,0.0011150000,3106.90000000,s,l
2026-02-07 19:17:52,0.0011170000,2073.30000000,s,l
2026-02-07 19:35:04,0.0011160000,15120.80000000,s,l
2026-02-07 19:43:51,0.0011170000,23625.00000000,b,l
2026-02-07 19:43:51,0.0011170000,279827.20000000,b,l
2026-02-07 19:53:00,0.0011140000,23625.00000000,s,l
2026-02-07 19:53:00,0.0011140000,376847.40000000,s,l
2026-02-07 19:53:07,0.0011150000,112107.62331838,b,l
2026-02-07 19:53:07,0.0011150000,112107.62331838,b,l
2026-02-07 19:55:46,0.0011150000,23625.00000000,b,l
2026-02-07 19:55:46,0.0011150000,29710.90000000,b,l
2026-02-07 20:20:02,0.0011140000,23577.77952422,s,l
2026-02-07 20:34:51,0.0011160000,12733.00000000,s,l
2026-02-07 20:39:03,0.0011190000,2486.30000000,s,l
2026-02-07 20:56:27,0.0011200000,88137.97950000,s,l
2026-02-07 20:56:27,0.0011200000,1147.73478571,s,l
2026-02-07 20:59:24,0.0011210000,89206.06601248,s,l
2026-02-07 20:59:30,0.0011200000,216371.00000000,s,l
2026-02-07 21:25:40,0.0011180000,30000.00000000,b,l
2026-02-07 21:45:28,0.0011160000,9004.50000000,b,l
2026-02-07 21:55:46,0.0011150000,23625.00000000,b,l
2026-02-07 21:57:53,0.0011160000,22306.40000000,s,l
2026-02-07 21:59:28,0.0011160000,8960.57347670,s,m
2026-02-07 23:18:05,0.0011100000,313608.42565300,b,l
2026-02-07 23:19:46,0.0011080000,50869.98400000,s,m
2026-02-07 23:23:44,0.0011070000,12835.40000000,s,l
2026-02-07 23:41:01,0.0011090000,10968.75000000,b,l
2026-02-07 23:41:01,0.0011090000,10968.75000000,b,l
2026-02-08 00:02:35,0.0011090000,10968.75000000,b,l
2026-02-08 00:02:35,0.0011090000,629863.21638775,b,l
2026-02-08 00:02:35,0.0011090000,91725.04700000,b,l
2026-02-08 00:02:35,0.0011100000,10968.75000000,b,l
2026-02-08 00:02:35,0.0011100000,123904.83661225,b,l
2026-02-08 01:04:35,0.0011060000,10968.75000000,b,l
2026-02-08 01:04:35,0.0011060000,52.59492100,b,l
2026-02-08 01:06:05,0.0011050000,10968.75000000,s,l
2026-02-08 01:06:06,0.0011050000,10968.75000000,s,l
2026-02-08 01:12:23,0.0011050000,895.90000000,b,l
2026-02-08 01:14:04,0.0011060000,10968.75000000,s,l
2026-02-08 01:14:13,0.0011060000,10968.75000000,s,l
2026-02-08 01:15:00,0.0011050000,464431.96616201,s,l
2026-02-08 01:15:00,0.0011050000,14754.44860732,s,l
2026-02-08 01:35:18,0.0011010000,10968.75000000,s,l
2026-02-08 01:35:18,0.0011010000,1937.75000000,s,l
2026-02-08 01:37:03,0.0011010000,629863.21638000,s,l
2026-02-08 01:37:03,0.0011010000,0.00000775,s,l
2026-02-08 01:37:03,0.0011000000,629863.21638775,s,l
2026-02-08 01:37:03,0.0011000000,90909.09090225,s,l
2026-02-08 01:37:03,0.0010980000,10968.75000000,s,l
2026-02-08 01:37:03,0.0010980000,30000.00000000,s,l
2026-02-08 01:37:03,0.0010980000,10968.75000000,s,l
2026-02-08 01:37:03,0.0010970000,3986.58000000,s,l
2026-02-08 02:00:39,0.0010960000,14059.43000000,s,l
2026-02-08 02:00:39,0.0010960000,77181.44591240,s,l
2026-02-08 02:13:01,0.0010960000,10968.75000000,s,l
2026-02-08 03:04:47,0.0010940000,9220.00000000,b,l
2026-02-08 03:04:48,0.0010940000,14457.79462360,b,l
2026-02-08 03:04:50,0.0010920000,10968.75000000,s,m
2026-02-08 03:04:50,0.0010920000,7033.05018000,s,m
2026-02-08 03:06:51,0.0010940000,10968.75000000,b,m
2026-02-08 03:06:51,0.0010940000,7346.26832000,b,m
2026-02-08 03:35:15,0.0010910000,63298.89921310,s,l
2026-02-08 03:56:26,0.0010850000,10968.75000000,s,l
2026-02-08 03:56:26,0.0010850000,629863.21638775,s,l
2026-02-08 03:56:26,0.0010850000,57941.81761225,s,l
2026-02-08 04:16:08,0.0010830000,10968.75000000,s,l
2026-02-08 04:17:29,0.0010830000,10968.75000000,b,l
2026-02-08 04:17:29,0.0010830000,61334.77818202,b,l
2026-02-08 04:27:43,0.0010890000,1038.00000000,b,l
2026-02-08 04:32:24,0.0010870000,3305.88300000,s,l
2026-02-08 04:45:51,0.0010850000,10968.75000000,b,m
2026-02-08 04:45:51,0.0010850000,58884.19117647,b,m
2026-02-08 04:49:40,0.0010850000,9125.30000000,b,l
2026-02-08 04:52:26,0.0010850000,1058.40000000,b,l
2026-02-08 05:41:32,0.0010850000,1598.80000000,s,l
2026-02-08 05:53:42,0.0010850000,1535.80000000,b,l
2026-02-08 06:03:18,0.0010830000,10968.75000000,s,l
2026-02-08 06:03:18,0.0010830000,36674.45000000,s,l
2026-02-08 06:04:50,0.0010840000,10489.80340281,b,l
2026-02-08 06:04:50,0.0010840000,9228.49760059,b,l
2026-02-08 06:18:53,0.0010860000,10968.75000000,b,l
2026-02-08 06:18:53,0.0010860000,629863.21638775,b,l
2026-02-08 06:18:53,0.0010860000,115101.28913443,b,l
2026-02-08 06:20:37,0.0010860000,848038.17149999,s,l
2026-02-08 06:20:55,0.0010860000,846554.57639999,s,l
2026-02-08 06:21:14,0.0010860000,543734.76860025,s,l
2026-02-08 06:21:40,0.0010860000,482486.66202737,s,l
2026-02-08 06:21:49,0.0010860000,482486.66202737,s,l
2026-02-08 06:21:58,0.0010860000,482486.66202737,s,l
2026-02-08 06:22:01,0.0010860000,482486.66202737,s,l
2026-02-08 06:22:01,0.0010860000,27337.00000000,s,l
2026-02-08 06:22:01,0.0010860000,27337.00000000,s,l
2026-02-08 06:22:01,0.0010860000,15035.00000000,s,l
2026-02-08 06:22:28,0.0010860000,17715.00000000,s,l
2026-02-08 06:22:28,0.0010860000,23630.00000000,s,l
2026-02-08 06:22:37,0.0010860000,24708.00000000,s,l
2026-02-08 06:22:38,0.0010860000,25161.00000000,s,l
2026-02-08 06:22:39,0.0010860000,23635.00000000,s,l
2026-02-08 06:22:39,0.0010860000,24460.00000000,s,l
2026-02-08 06:22:39,0.0010860000,482486.66202737,s,l
2026-02-08 06:22:43,0.0010860000,25108.00000000,s,l
2026-02-08 06:22:44,0.0010860000,25222.00000000,s,l
2026-02-08 06:22:48,0.0010860000,24358.00000000,s,l
2026-02-08 06:22:50,0.0010860000,23268.00000000,s,l
2026-02-08 06:22:54,0.0010860000,22822.00000000,s,l
2026-02-08 06:22:58,0.0010860000,25261.00000000,s,l
2026-02-08 06:22:59,0.0010860000,24277.00000000,s,l
2026-02-08 06:23:00,0.0010860000,24602.00000000,s,l
2026-02-08 06:23:00,0.0010860000,23362.00000000,s,l
2026-02-08 06:23:02,0.0010860000,24007.00000000,s,l
2026-02-08 06:23:03,0.0010860000,467599.44454423,s,l
2026-02-08 06:23:03,0.0010860000,3300.00000000,s,l
2026-02-08 06:56:08,0.0010800000,3300.00000000,b,l
2026-02-08 07:08:51,0.0010790000,4546.54350000,s,l
2026-02-08 07:10:34,0.0010760000,11910.80000000,s,l
2026-02-08 07:11:40,0.0010750000,93023.25581395,s,l
2026-02-08 07:11:40,0.0010740000,20539.20300000,s,l
2026-02-08 07:11:40,0.0010740000,10968.75000000,s,l
2026-02-08 07:11:41,0.0010730000,10968.75000000,s,m
2026-02-08 07:11:41,0.0010730000,7346.26832000,s,m
2026-02-08 07:11:50,0.0010750000,3300.00000000,s,l
2026-02-08 07:13:42,0.0010770000,3300.00000000,b,m
2026-02-08 07:13:42,0.0010770000,10968.75000000,b,m
2026-02-08 07:13:42,0.0010780000,4335.90116000,b,m
2026-02-08 07:20:07,0.0010740000,3950.00000000,b,m
2026-02-08 07:20:31,0.0010710000,1043297.30597197,s,l
2026-02-08 07:24:17,0.0010740000,9337.06816060,b,m
2026-02-08 07:36:53,0.0010730000,9616.22700000,s,l
2026-02-08 07:44:45,0.0010720000,10968.75000000,s,l
2026-02-08 08:04:19,0.0010810000,10968.75000000,b,l
2026-02-08 08:04:19,0.0010810000,6991.87816833,b,l
2026-02-08 08:22:56,0.0010810000,629863.21638775,b,l
2026-02-08 08:22:56,0.0010810000,115633.67252525,b,l
2026-02-08 08:22:56,0.0010810000,0.00000018,b,l
2026-02-08 08:24:58,0.0010840000,8846.14200000,b,l
2026-02-08 08:33:46,0.0010950000,1925938.23681449,b,l
2026-02-08 08:33:46,0.0010950000,629863.21638775,b,l
2026-02-08 08:33:46,0.0010950000,458861.54679776,b,l
2026-02-08 08:33:48,0.0010940000,3478.64687439,b,l
2026-02-08 08:33:48,0.0010940000,10968.75000000,b,l
2026-02-08 08:33:48,0.0010940000,629863.21638775,b,l
2026-02-08 08:34:08,0.0010970000,10968.75000000,b,l
2026-02-08 08:34:08,0.0010970000,629863.21638775,b,l
2026-02-08 08:34:08,0.0010970000,95906.03361225,b,l
2026-02-08 08:38:16,0.0010960000,10968.75000000,b,l
2026-02-08 08:38:16,0.0010970000,10968.75000000,b,l
2026-02-08 08:38:16,0.0010970000,216067.52432400,b,l
2026-02-08 08:38:16,0.0010980000,10968.75000000,b,l
2026-02-08 08:38:16,0.0010980000,812418.44019689,b,l
2026-02-08 08:39:59,0.0010970000,10968.75000000,b,m
2026-02-08 08:39:59,0.0010980000,10968.75000000,b,m
2026-02-08 08:39:59,0.0010980000,629863.21638775,b,m
2026-02-08 08:39:59,0.0010980000,258956.08575255,b,m
2026-02-08 08:40:14,0.0010960000,10968.75000000,b,m
2026-02-08 08:40:14,0.0010970000,274246.35369189,b,m
2026-02-08 08:50:44,0.0010950000,10968.75000000,b,l
2026-02-08 08:50:44,0.0010950000,120092.45000000,b,l
2026-02-08 08:53:42,0.0010940000,10968.75000000,b,m
2026-02-08 08:53:42,0.0010950000,781352.45954829,b,m
2026-02-08 08:53:42,0.0010950000,10968.75000000,b,m
2026-02-08 08:53:42,0.0010950000,109962.06670740,b,m
2026-02-08 08:57:11,0.0010970000,5894.68230345,s,l
2026-02-08 08:59:48,0.0010980000,5292.19142436,s,l
2026-02-08 08:59:48,0.0010980000,5292.19142436,s,l
2026-02-08 08:59:49,0.0010980000,384.36715128,s,l
2026-02-08 09:10:25,0.0010980000,52109.67570000,b,l
2026-02-08 09:36:24,0.0010890000,48374.60000000,b,l
2026-02-08 10:02:05,0.0010890000,10968.75000000,s,m
2026-02-08 10:02:05,0.0010890000,19031.25000000,s,m
2026-02-08 10:21:42,0.0010830000,4071.64589999,s,l
2026-02-08 10:58:05,0.0010820000,2183807.55479085,b,l
2026-02-08 10:58:05,0.0010820000,439957.44520915,b,l
2026-02-08 11:01:51,0.0010810000,10968.75000000,s,l
2026-02-08 11:01:51,0.0010810000,10968.75000000,s,l
2026-02-08 11:04:57,0.0010850000,10275.00000000,b,l
2026-02-08 11:04:57,0.0010850000,693.75000000,b,l
2026-02-08 11:04:57,0.0010850000,9445.98558900,b,l
2026-02-08 11:17:50,0.0010910000,10968.75000000,b,l
2026-02-08 11:17:50,0.0010910000,77733.85000000,b,l
2026-02-08 11:25:41,0.0010880000,10968.75000000,b,l
2026-02-08 11:25:41,0.0010880000,77834.85000000,b,l
2026-02-08 11:29:55,0.0010870000,10968.75000000,s,l
2026-02-08 11:33:22,0.0010920000,39593.35120000,b,l
2026-02-08 11:39:44,0.0010950000,10968.75000000,b,l
2026-02-08 11:39:44,0.0010960000,79378.75000000,b,l
2026-02-08 11:50:16,0.0010940000,12637.06810000,b,l
2026-02-08 12:20:59,0.0010940000,1813.50000000,b,l
2026-02-08 12:22:10,0.0010910000,30000.00000000,s,l
2026-02-08 12:46:26,0.0010900000,12205.80000000,s,l
2026-02-08 13:05:20,0.0010910000,91659.02841429,s,l
2026-02-08 13:06:40,0.0010900000,10968.75000000,b,l
2026-02-08 13:06:40,0.0010900000,37288.13073394,b,l
2026-02-08 13:11:35,0.0010910000,5398.71677360,b,l
2026-02-08 13:12:22,0.0010890000,5398.71677360,s,m
2026-02-08 13:18:05,0.0010910000,8177.72460000,b,l
2026-02-08 13:22:04,0.0010950000,100000.00000000,b,m
2026-02-08 13:23:15,0.0010960000,122222.00000000,b,m
2026-02-08 13:37:01,0.0010950000,4604.52540000,b,l
2026-02-08 13:38:27,0.0010930000,472853.40883300,s,l
2026-02-08 13:38:27,0.0010930000,23642.67044200,s,l
2026-02-08 13:38:27,0.0010890000,8678.80000000,s,l
2026-02-08 13:38:28,0.0010890000,2289.95000000,s,l
2026-02-08 13:38:28,0.0010890000,17567.05000000,s,l
2026-02-08 13:56:46,0.0010930000,10968.75000000,s,l
2026-02-08 13:59:46,0.0010920000,10968.75000000,s,m
2026-02-08 13:59:46,0.0010920000,2754.94624885,s,m
2026-02-08 14:16:53,0.0010940000,909.50000000,b,l
2026-02-08 15:10:22,0.0010970000,10968.75000000,s,l
2026-02-08 15:10:22,0.0010970000,71292.45000000,s,l
2026-02-08 15:16:52,0.0010910000,5454.72460000,s,l
2026-02-08 15:16:53,0.0010910000,10968.75000000,s,l
2026-02-08 15:20:18,0.0010920000,74896.77779999,s,l
2026-02-08 15:31:05,0.0010750000,629863.21638775,s,l
2026-02-08 15:31:05,0.0010750000,300000.00000000,s,l
2026-02-08 15:31:05,0.0010750000,10968.75000000,s,l
2026-02-08 15:31:05,0.0010750000,93023.25581395,s,l
2026-02-08 15:31:07,0.0010750000,629863.21638775,s,l
2026-02-08 15:31:07,0.0010740000,10968.75000000,s,l
2026-02-08 15:31:07,0.0010740000,629863.21638775,s,l
2026-02-08 15:31:07,0.0010740000,459713.95791000,s,l
2026-02-08 15:31:07,0.0010740000,44478.31465968,s,l
2026-02-08 15:31:07,0.0010740000,299999.54465482,s,l
2026-02-08 15:38:35,0.0010790000,908.60000000,b,l
2026-02-08 16:13:45,0.0010770000,11840.40000000,s,l
2026-02-08 16:45:57,0.0010590000,10968.75000000,s,l
2026-02-08 16:45:57,0.0010590000,36245.60316336,s,l
2026-02-08 16:54:06,0.0010540000,10968.75000000,b,l
2026-02-08 16:54:06,0.0010540000,471144.38562700,b,l
2026-02-08 16:54:06,0.0010540000,118142.32090522,b,l
2026-02-08 16:54:06,0.0010540000,1401966.55731927,b,l
2026-02-08 16:54:08,0.0010550000,10968.75000000,b,l
2026-02-08 16:54:08,0.0010550000,629863.21638775,b,l
2026-02-08 16:54:08,0.0010550000,113636.13300000,b,l
2026-02-08 16:54:08,0.0010550000,419566.91676800,b,l
2026-02-08 16:54:08,0.0010560000,10968.75000000,b,l
2026-02-08 16:54:08,0.0010560000,629862.23384425,b,l
2026-02-08 16:54:21,0.0010530000,10968.75000000,s,m
2026-02-08 16:54:21,0.0010520000,7635.90116000,s,m
2026-02-08 16:56:22,0.0010570000,19011.40684000,b,m
2026-02-08 16:56:42,0.0010560000,10968.75000000,s,l
2026-02-08 16:56:42,0.0010540000,77587.00000000,s,l
2026-02-08 16:56:42,0.0010540000,17289.66034155,s,l
2026-02-08 16:56:42,0.0010530000,10968.75000000,s,l
2026-02-08 16:56:42,0.0010530000,88610.58965845,s,l
2026-02-08 16:56:42,0.0010530000,39445.00000000,s,l
2026-02-08 16:56:42,0.0010530000,152750.00000000,s,l
2026-02-08 16:56:42,0.0010530000,19194.41034155,s,l
2026-02-08 16:56:42,0.0010530000,10968.75000000,s,l
2026-02-08 16:56:42,0.0010520000,10968.75000000,s,l
2026-02-08 16:57:34,0.0010540000,3300.00000000,s,l
2026-02-08 16:58:55,0.0010530000,3300.00000000,b,l
2026-02-08 17:00:14,0.0010560000,3300.00000000,s,l
2026-02-08 17:02:31,0.0010590000,3300.00000000,b,l
2026-02-08 17:04:34,0.0010610000,10968.75000000,b,l
2026-02-08 17:04:34,0.0010620000,413.92763992,b,l
2026-02-08 17:06:12,0.0010590000,69852.94100000,s,m
2026-02-08 17:24:16,0.0010580000,8768.60000000,b,l
2026-02-08 17:26:31,0.0010600000,9910.30000000,b,l
2026-02-08 17:33:17,0.0010600000,84056.00000000,s,l
2026-02-08 17:35:35,0.0010590000,629863.21638775,s,l
2026-02-08 17:35:35,0.0010590000,472082.54022100,s,l
2026-02-08 17:35:35,0.0010590000,56970.14202077,s,l
2026-02-08 17:35:35,0.0010590000,10968.75000000,s,l
2026-02-08 17:35:42,0.0010590000,1190833.00953856,b,l
2026-02-08 17:50:50,0.0010620000,923.20000000,b,l
2026-02-08 17:58:26,0.0010610000,10968.75000000,s,l
2026-02-08 17:58:26,0.0010610000,119033.35000000,s,l
2026-02-08 18:30:39,0.0010670000,30000.00000000,s,l
2026-02-08 18:30:55,0.0010660000,30000.00000000,b,l
2026-02-08 18:31:46,0.0010670000,96323.91612170,b,l
2026-02-08 18:37:17,0.0010730000,10968.75000000,s,l
2026-02-08 18:37:17,0.0010730000,89031.25000000,s,l
2026-02-08 18:39:21,0.0010730000,10968.75000000,s,m
2026-02-08 18:39:21,0.0010730000,629863.21638775,s,m
2026-02-08 18:39:21,0.0010730000,300000.00000000,s,m
2026-02-08 18:39:21,0.0010720000,10968.75000000,s,m
2026-02-08 18:39:21,0.0010720000,93283.58208955,s,m
2026-02-08 18:39:21,0.0010720000,629863.21638775,s,m
2026-02-08 18:39:21,0.0010720000,465553.77647700,s,m
2026-02-08 18:39:21,0.0010720000,672182.65465795,s,m
2026-02-08 18:48:11,0.0010730000,11754.10200000,b,m
2026-02-08 18:48:11,0.0010740000,8785.10100000,b,m
2026-02-08 18:57:40,0.0010690000,90600.80000000,b,l
2026-02-08 19:00:22,0.0010660000,10968.75000000,s,l
2026-02-08 19:00:22,0.0010660000,629863.21638775,s,l
2026-02-08 19:00:22,0.0010660000,203445.70715821,s,l
2026-02-08 19:10:16,0.0010620000,10968.75000000,b,l
2026-02-08 19:31:09,0.0010620000,10968.75000000,s,l
2026-02-08 19:31:09,0.0010620000,329175.67085900,s,l
2026-02-08 19:31:09,0.0010620000,97708.68648563,s,l
2026-02-08 19:50:10,0.0010660000,67528.65334237,b,l
2026-02-08 20:03:52,0.0010560000,23367.00000000,s,l
2026-02-08 20:15:01,0.0010560000,10968.75000000,b,l
2026-02-08 20:15:01,0.0010560000,10968.75000000,b,l
2026-02-08 20:21:59,0.0010600000,6598.50000000,b,l
2026-02-08 20:28:33,0.0010550000,6998.80000000,s,l
2026-02-08 20:39:18,0.0010560000,3300.00000000,s,l
2026-02-08 20:48:53,0.0010510000,200000.00000000,s,l
2026-02-08 20:54:37,0.0010510000,10968.75000000,s,l
2026-02-08 20:54:37,0.0010500000,10968.75000000,s,l
2026-02-08 20:54:37,0.0010500000,629863.21638775,s,l
2026-02-08 20:54:37,0.0010500000,49078.10944576,s,l
2026-02-08 21:00:03,0.0010500000,34611.07540000,s,l
2026-02-08 21:00:03,0.0010500000,23214.45000000,s,l
2026-02-08 21:00:43,0.0010500000,7886.67350000,s,l
2026-02-08 21:00:45,0.0010500000,7239.82509769,s,l
2026-02-08 21:00:45,0.0010500000,7239.82509769,s,l
2026-02-08 21:00:45,0.0010500000,7239.82509769,s,l
2026-02-08 21:00:45,0.0010500000,7239.82509769,s,l
2026-02-08 21:00:45,0.0010500000,7239.82509769,s,l
2026-02-08 21:00:45,0.0010500000,7239.82509769,s,l
2026-02-08 21:00:45,0.0010500000,7239.82509769,s,l
2026-02-08 21:00:46,0.0010500000,7239.82509769,s,l
2026-02-08 21:00:46,0.0010500000,7239.82509769,s,l
2026-02-08 21:00:46,0.0010500000,1000000.00000000,s,l
2026-02-08 21:00:46,0.0010500000,7239.82509769,s,l
2026-02-08 21:00:46,0.0010500000,7239.82509769,s,l
2026-02-08 21:00:46,0.0010500000,7239.82509769,s,l
2026-02-08 21:00:46,0.0010500000,7239.82509769,s,l
2026-02-08 21:00:46,0.0010500000,7239.82509769,s,l
2026-02-08 21:00:46,0.0010500000,7239.82509769,s,l
2026-02-08 21:00:46,0.0010500000,7239.82509769,s,l
2026-02-08 21:00:47,0.0010500000,7239.82509769,s,l
2026-02-08 21:00:47,0.0010500000,7239.82509769,s,l
2026-02-08 21:00:47,0.0010500000,7239.82509769,s,l
2026-02-08 21:00:47,0.0010500000,7239.82509769,s,l
2026-02-08 21:00:47,0.0010500000,7239.82509769,s,l
2026-02-08 21:00:47,0.0010500000,7239.82509769,s,l
2026-02-08 21:00:47,0.0010500000,7239.82509769,s,l
2026-02-08 21:00:47,0.0010500000,7239.82509769,s,l
2026-02-08 21:00:47,0.0010500000,7239.82509769,s,l
2026-02-08 21:00:47,0.0010500000,7239.82509769,s,l
2026-02-08 21:00:48,0.0010500000,7239.82509769,s,l
2026-02-08 21:00:48,0.0010500000,7239.82509769,s,l
2026-02-08 21:00:48,0.0010500000,7239.82509769,s,l
2026-02-08 21:00:48,0.0010500000,7239.82509769,s,l
2026-02-08 21:00:48,0.0010500000,7239.82509769,s,l
2026-02-08 21:00:48,0.0010500000,7239.82509769,s,l
2026-02-08 21:00:48,0.0010500000,7239.82509769,s,l
2026-02-08 21:00:48,0.0010500000,7239.82509769,s,l
2026-02-08 21:00:48,0.0010500000,7239.82509769,s,l
2026-02-08 21:00:48,0.0010500000,7239.82509769,s,l
2026-02-08 21:00:49,0.0010500000,7239.82509769,s,l
2026-02-08 21:00:49,0.0010500000,7239.82509769,s,l
2026-02-08 21:00:49,0.0010500000,659174.44738700,s,l
2026-02-08 21:00:49,0.0010500000,0.00000078,s,l
2026-02-08 21:02:52,0.0010530000,8177.72460000,b,m
2026-02-08 21:35:14,0.0010480000,9949.26727486,s,l
2026-02-08 21:35:16,0.0010480000,50.73272514,s,l
2026-02-08 21:37:02,0.0010430000,478655.75234100,s,l
2026-02-08 21:37:02,0.0010430000,10968.75000000,s,l
2026-02-08 21:37:02,0.0010420000,10968.75000000,s,l
2026-02-08 21:37:02,0.0010420000,629863.21638775,s,l
2026-02-08 21:37:02,0.0010420000,972377.69887512,s,l
2026-02-08 21:37:02,0.0010420000,8177.72460000,b,l
2026-02-08 21:37:02,0.0010420000,382849.48501082,b,l
2026-02-08 21:37:02,0.0010420000,629915.62278500,b,l
2026-02-08 21:45:28,0.0010450000,9616.30000000,b,l
2026-02-08 21:57:50,0.0010470000,5740.53180000,b,l
2026-02-08 21:57:50,0.0010470000,10968.75000000,b,l
2026-02-08 21:57:50,0.0010470000,119388.72970391,b,l
2026-02-08 21:57:50,0.0010470000,629862.98849609,b,l
2026-02-08 22:03:15,0.0010500000,629863.21638775,b,l
2026-02-08 22:03:15,0.0010510000,629863.21638775,b,l
2026-02-08 22:03:15,0.0010510000,10968.75000000,b,l
2026-02-08 22:03:15,0.0010510000,118390.19400000,b,l
2026-02-08 22:03:15,0.0010510000,900586.62322450,b,l
2026-02-08 22:03:38,0.0010510000,10968.75000000,b,l
2026-02-08 22:03:38,0.0010510000,629862.25000000,b,l
2026-02-08 22:05:06,0.0010510000,9999.99600000,s,l
2026-02-08 22:06:04,0.0010510000,968.75400000,s,l
2026-02-08 22:06:04,0.0010510000,108775.54600000,s,l
2026-02-08 22:52:19,0.0010570000,237225.60000000,b,l
2026-02-08 22:59:30,0.0010570000,3077.10000000,b,l
2026-02-08 23:59:08,0.0010560000,8491.00000000,b,l
2026-02-09 00:07:02,0.0010590000,4352.92600000,s,m
2026-02-09 00:39:07,0.0010490000,10968.75000000,b,l
2026-02-09 00:39:07,0.0010490000,29439.45000000,b,l
2026-02-09 00:43:19,0.0010490000,95328.88465204,s,l
2026-02-09 00:45:06,0.0010490000,10968.75000000,s,l
2026-02-09 00:47:02,0.0010490000,4138.07400000,b,l
2026-02-09 00:52:59,0.0010520000,629863.21638775,s,l
2026-02-09 00:52:59,0.0010520000,95057.03422053,s,l
2026-02-09 00:58:38,0.0010500000,25861.92600000,b,l
2026-02-09 01:12:23,0.0010480000,944.80000000,b,l
2026-02-09 01:18:06,0.0010490000,10969.41565077,s,l
2026-02-09 01:18:06,0.0010490000,10968.75000000,s,l
2026-02-09 01:21:57,0.0010500000,10968.75000000,s,l
2026-02-09 01:21:57,0.0010500000,100620.58434923,s,l
2026-02-09 01:34:33,0.0010530000,10968.75000000,b,l
2026-02-09 01:42:03,0.0010450000,37554.90940100,s,l
2026-02-09 01:50:45,0.0010470000,83739.53538514,b,l
2026-02-09 01:50:45,0.0010470000,17237.00000000,b,l
2026-02-09 01:50:45,0.0010470000,18412.19431877,b,l
2026-02-09 01:50:45,0.0010500000,374121.63140567,b,l
2026-02-09 01:50:46,0.0010500000,18412.19431877,b,l
2026-02-09 01:51:00,0.0010540000,10968.75000000,b,l
2026-02-09 02:39:23,0.0010540000,11913.55000000,b,l
2026-02-09 02:41:44,0.0010640000,10968.75000000,b,l
2026-02-09 02:41:44,0.0010640000,119.65000000,b,l
2026-02-09 03:00:04,0.0010590000,94428.70632000,s,l
2026-02-09 03:32:10,0.0010650000,330113.76436000,b,l
2026-02-09 03:43:55,0.0010710000,10968.75000000,b,l
2026-02-09 03:49:28,0.0010700000,10968.75000000,b,l
2026-02-09 03:49:28,0.0010700000,629863.21638775,b,l
2026-02-09 03:49:39,0.0010700000,482486.66202737,s,l
2026-02-09 03:49:40,0.0010700000,738208.21546000,s,l
2026-02-09 03:49:40,0.0010700000,1861095.41785951,s,l
2026-02-09 03:49:41,0.0010700000,950274.93452705,s,l
2026-02-09 03:59:47,0.0010690000,10968.75000000,b,l
2026-02-09 03:59:48,0.0010690000,472164.71471750,b,l
2026-02-09 03:59:48,0.0010690000,15000.10878893,b,l
2026-02-09 03:59:48,0.0010690000,34889.80422689,b,l
2026-02-09 03:59:48,0.0010690000,28248.83929000,b,l
2026-02-09 03:59:49,0.0010690000,0.00000193,b,l
2026-02-09 04:41:06,0.0010600000,10968.75000000,s,l
2026-02-09 04:41:06,0.0010600000,300000.00000000,s,l
2026-02-09 04:41:06,0.0010600000,629863.21638775,s,l
2026-02-09 04:41:06,0.0010600000,191243.50531036,s,l
2026-02-09 04:49:40,0.0010620000,9323.00000000,b,l
2026-02-09 05:33:30,0.0010620000,10968.75000000,s,l
2026-02-09 05:33:30,0.0010620000,33188.97875000,s,l
2026-02-09 05:34:18,0.0010630000,931.30000000,b,l
2026-02-09 05:50:07,0.0010580000,10968.75000000,s,l
2026-02-09 05:54:55,0.0010610000,10968.75000000,s,l
2026-02-09 05:54:55,0.0010600000,10968.75000000,s,l
2026-02-09 05:54:55,0.0010600000,166741.74528301,s,l
2026-02-09 06:15:59,0.0010550000,10963.26562474,b,l
2026-02-09 06:16:01,0.0010550000,15237.02934214,b,l
2026-02-09 06:19:00,0.0010500000,16051.62400000,s,l
2026-02-09 06:19:00,0.0010500000,5891.36040000,s,l
2026-02-09 06:50:36,0.0010500000,30000.00000000,b,l
2026-02-09 06:58:39,0.0010520000,10968.75000000,b,l
2026-02-09 06:58:39,0.0010520000,118821.29277566,b,l
2026-02-09 07:06:04,0.0010520000,10968.75000000,b,l
2026-02-09 07:38:55,0.0010490000,95328.88465204,s,l
2026-02-09 07:39:06,0.0010470000,10968.75000000,b,l
2026-02-09 07:55:21,0.0010480000,10968.75000000,b,l
2026-02-09 08:00:36,0.0010470000,10963.26562474,b,l
2026-02-09 08:10:44,0.0010490000,19001.37500000,b,m
2026-02-09 08:10:44,0.0010500000,10968.75000000,b,m
2026-02-09 08:10:44,0.0010500000,6790.82869048,b,m
2026-02-09 08:11:01,0.0010480000,15000.10878893,s,l
2026-02-09 08:11:01,0.0010480000,16917.97579647,s,l
2026-02-09 08:21:53,0.0010440000,11902.58120000,b,l
2026-02-09 08:31:43,0.0010350000,556815.00129100,s,l
2026-02-09 08:31:43,0.0010350000,27840.75006500,s,l
2026-02-09 08:31:44,0.0010350000,24778.00000000,s,l
2026-02-09 08:31:44,0.0010350000,24778.00000000,s,l
2026-02-09 08:31:47,0.0010350000,500000.00000000,s,l
2026-02-09 08:31:47,0.0010350000,18140.00000000,s,l
2026-02-09 08:31:47,0.0010350000,18140.00000000,s,l
2026-02-09 08:31:47,0.0010350000,24896.00000000,s,l
2026-02-09 08:31:47,0.0010350000,24768.00000000,s,l
2026-02-09 08:31:47,0.0010350000,24768.00000000,s,l
2026-02-09 08:31:47,0.0010350000,837551.47055349,s,l
2026-02-09 08:31:48,0.0010350000,1461561.19773491,s,l
2026-02-09 08:31:49,0.0010350000,24950.00000000,s,l
2026-02-09 08:31:49,0.0010350000,43583.00000000,s,l
2026-02-09 08:31:49,0.0010350000,24950.00000000,s,l
2026-02-09 08:31:49,0.0010350000,56239.00000000,s,l
2026-02-09 08:31:49,0.0010350000,12200.00000000,s,l
2026-02-09 08:31:49,0.0010350000,43583.00000000,s,l
2026-02-09 08:31:49,0.0010350000,56239.00000000,s,l
2026-02-09 08:31:49,0.0010350000,72690.00000000,s,l
2026-02-09 08:31:49,0.0010350000,72690.00000000,s,l
2026-02-09 08:31:49,0.0010350000,53078.00000000,s,l
2026-02-09 08:31:49,0.0010350000,29193.00000000,s,l
2026-02-09 08:31:49,0.0010350000,23221.00000000,s,l
2026-02-09 08:31:49,0.0010350000,23135.00000000,s,l
2026-02-09 08:31:49,0.0010350000,53078.00000000,s,l
2026-02-09 08:31:49,0.0010350000,43583.00000000,s,l
2026-02-09 08:31:49,0.0010350000,29193.00000000,s,l
2026-02-09 08:31:49,0.0010350000,23221.00000000,s,l
2026-02-09 08:31:49,0.0010350000,23135.00000000,s,l
2026-02-09 08:31:49,0.0010350000,43583.00000000,s,l
2026-02-09 08:31:50,0.0010350000,534941.42486400,s,l
2026-02-09 08:31:51,0.0010350000,396.02988773,s,l
2026-02-09 08:31:51,0.0010320000,9337.06816060,s,m
2026-02-09 08:32:09,0.0010320000,19011.40684000,s,m
2026-02-09 08:33:09,0.0010340000,10968.75000000,b,m
2026-02-09 08:33:09,0.0010340000,8411.09496000,b,m
2026-02-09 08:37:46,0.0010370000,10968.75000000,b,l
2026-02-09 08:37:46,0.0010370000,64539.71961396,b,l
2026-02-09 08:47:56,0.0010380000,10963.26562474,b,l
2026-02-09 08:51:27,0.0010370000,10963.26562474,b,l
2026-02-09 08:53:37,0.0010350000,30000.00000000,b,l
2026-02-09 09:08:49,0.0010340000,14556.39750000,b,l
2026-02-09 09:16:52,0.0010300000,10968.75000000,b,l
2026-02-09 09:25:06,0.0010290000,10968.75000000,b,l
2026-02-09 09:25:06,0.0010290000,19031.25000000,b,l
2026-02-09 09:36:06,0.0010280000,10963.26562474,b,l
2026-02-09 09:37:14,0.0010280000,10963.26562474,b,l
2026-02-09 09:38:29,0.0010240000,77956.56400000,s,l
2026-02-09 09:38:29,0.0010230000,1199813.73900000,s,l
2026-02-09 09:38:29,0.0010210000,10968.75000000,s,l
2026-02-09 09:38:29,0.0010210000,262842.51100000,s,l
2026-02-09 09:38:29,0.0010200000,10968.75000000,s,l
2026-02-09 09:38:30,0.0010240000,10968.75000000,b,l
2026-02-09 09:45:37,0.0010180000,21845.95238500,s,l
2026-02-09 09:49:03,0.0010190000,12379.76976078,s,l
2026-02-09 09:49:03,0.0010190000,12379.76976078,s,l
2026-02-09 09:49:03,0.0010190000,12379.76976078,s,l
2026-02-09 09:49:03,0.0010190000,12379.76976078,s,l
2026-02-09 09:49:03,0.0010190000,12379.76976078,s,l
2026-02-09 10:02:01,0.0010180000,10957.78120000,b,l
2026-02-09 10:02:02,0.0010180000,11130.39980000,b,l
2026-02-09 10:29:17,0.0010080000,60912.18360000,b,l
2026-02-09 10:29:28,0.0010070000,19379.84496000,s,m
2026-02-09 10:30:29,0.0010090000,10968.75000000,b,m
2026-02-09 10:30:29,0.0010090000,8892.22319000,b,m
2026-02-09 10:32:14,0.0010070000,2080.20000000,b,l
2026-02-09 10:36:58,0.0010050000,3791.68470000,s,l
2026-02-09 10:36:59,0.0010050000,759.46353313,s,l
2026-02-09 10:37:39,0.0010030000,18763.60000000,s,l
2026-02-09 10:43:19,0.0010040000,629863.21638775,s,l
2026-02-09 10:43:19,0.0010030000,230583.98361225,s,l
2026-02-09 11:02:37,0.0010140000,10968.75000000,b,l
2026-02-09 11:02:37,0.0010140000,14929.15000000,b,l
2026-02-09 11:06:58,0.0010150000,119612.47885940,b,l
2026-02-09 11:06:58,0.0010150000,66163.59000000,b,l
2026-02-09 11:06:58,0.0010150000,10968.75000000,b,l
2026-02-09 11:06:58,0.0010160000,10968.75000000,b,l
2026-02-09 11:06:58,0.0010160000,629863.21638775,b,l
2026-02-09 11:30:50,0.0010180000,44664.62040000,b,l
2026-02-09 12:28:27,0.0010160000,10968.75000000,b,m
2026-02-09 12:28:27,0.0010160000,87456.44685039,b,m
2026-02-09 12:32:21,0.0010170000,27679.04340000,b,m
2026-02-09 12:32:21,0.0010170000,10968.75000000,b,m
2026-02-09 12:32:21,0.0010170000,35454.07400000,b,m
2026-02-09 12:32:21,0.0010170000,629863.21638775,b,m
2026-02-09 12:32:21,0.0010180000,10968.75000000,b,m
2026-02-09 12:32:21,0.0010180000,554.16621225,b,m
2026-02-09 12:33:04,0.0010160000,3430.87900000,s,l
2026-02-09 12:43:20,0.0010250000,19839.91740000,b,l
2026-02-09 12:43:20,0.0010250000,10968.75000000,b,l
2026-02-09 12:51:15,0.0010230000,10963.26562474,b,l
2026-02-09 12:58:11,0.0010220000,10939.95800000,b,l
2026-02-09 13:01:02,0.0010210000,10455.73531685,b,l
2026-02-09 13:03:15,0.0010200000,10433.98700000,b,l
2026-02-09 13:04:26,0.0010200000,10968.75000000,s,l
2026-02-09 13:04:26,0.0010200000,3419.91220821,s,l
2026-02-09 13:21:39,0.0010240000,9574.10000000,b,l
2026-02-09 13:24:39,0.0010240000,10968.75000000,b,l
2026-02-09 13:24:39,0.0010240000,7692.98400000,b,l
2026-02-09 13:24:39,0.0010240000,7649.36760000,b,l
2026-02-09 13:47:56,0.0010180000,10968.75000000,s,l
2026-02-09 13:47:56,0.0010180000,89031.25000000,s,l
2026-02-09 14:00:58,0.0010120000,30795.91860000,b,l
2026-02-09 14:00:58,0.0010120000,24942.92350000,b,l
2026-02-09 14:00:58,0.0010120000,11205.78190000,b,l
2026-02-09 14:15:00,0.0010120000,555487.89966764,b,l
2026-02-09 14:15:00,0.0010120000,19354.97908250,b,l
2026-02-09 14:15:01,0.0010120000,555487.89966764,b,l
2026-02-09 14:15:01,0.0010120000,19354.97908250,b,l
2026-02-09 14:15:02,0.0010120000,45019.10222824,b,l
2026-02-09 14:15:02,0.0010120000,555487.89966764,b,l
2026-02-09 14:15:02,0.0010120000,29955.95503788,b,l
2026-02-09 14:15:02,0.0010120000,19354.97908250,b,l
2026-02-09 14:15:03,0.0010120000,45019.10222824,b,l
2026-02-09 14:15:03,0.0010120000,155477.20400000,b,l
2026-02-09 14:30:46,0.0010150000,10968.75000000,b,l
2026-02-09 14:30:46,0.0010160000,10968.75000000,b,l
2026-02-09 14:30:46,0.0010160000,73389.60000000,b,l
2026-02-09 14:32:48,0.0010160000,10968.75000000,b,l
2026-02-09 14:32:48,0.0010160000,10968.75000000,b,l
2026-02-09 14:32:48,0.0010160000,482486.66202737,b,l
2026-02-09 14:32:50,0.0010160000,628445.15897200,b,l
2026-02-09 14:40:01,0.0010290000,10968.75000000,s,l
2026-02-09 14:40:02,0.0010290000,10968.75000000,s,l
2026-02-09 14:40:02,0.0010290000,3666.57458722,s,l
2026-02-09 14:47:00,0.0010310000,96993.21047526,s,l
2026-02-09 15:01:29,0.0010340000,10968.75000000,s,l
2026-02-09 15:01:29,0.0010340000,10968.75000000,s,l
2026-02-09 15:04:10,0.0010390000,10968.75000000,b,m
2026-02-09 15:04:10,0.0010400000,96993.21000000,b,m
2026-02-09 15:04:10,0.0010400000,10968.75000000,b,m
2026-02-09 15:04:10,0.0010400000,482062.02631000,b,m
2026-02-09 15:04:10,0.0010410000,10968.75000000,b,m
2026-02-09 15:04:10,0.0010410000,1202711.59061307,b,m
2026-02-09 15:04:12,0.0010380000,19860.97319000,s,m
2026-02-09 15:06:13,0.0010440000,10968.75000000,b,m
2026-02-09 15:06:13,0.0010450000,8299.07274000,b,m
2026-02-09 15:12:32,0.0010360000,92599.67049942,s,l
2026-02-09 15:12:32,0.0010360000,3925.42602567,s,l
2026-02-09 15:24:40,0.0010250000,64314.44516058,s,l
2026-02-09 15:24:40,0.0010250000,33246.53044917,s,l
2026-02-09 15:24:44,0.0010250000,49816.36802439,s,l
2026-02-09 15:55:06,0.0010420000,117966.36904421,b,l
2026-02-09 15:55:06,0.0010420000,382033.63095579,b,l
2026-02-09 16:13:57,0.0010320000,10968.75000000,s,l
2026-02-09 16:13:57,0.0010310000,10968.75000000,s,l
2026-02-09 16:13:57,0.0010310000,235974.50000000,s,l
2026-02-09 16:38:49,0.0010400000,120192.30769230,b,l
2026-02-09 16:41:15,0.0010420000,10968.75000000,s,l
2026-02-09 16:45:43,0.0010560000,3666.57450000,s,l
2026-02-09 17:04:03,0.0010570000,10968.75000000,b,l
2026-02-09 17:04:03,0.0010580000,10968.75000000,b,l
2026-02-09 17:04:03,0.0010600000,10968.75000000,b,l
2026-02-09 17:04:31,0.0010600000,629863.21638775,b,l
2026-02-09 17:04:31,0.0010600000,10968.74999925,b,l
2026-02-09 17:04:31,0.0010600000,0.00000075,b,l
2026-02-09 17:04:31,0.0010610000,10968.75000000,b,l
2026-02-09 17:04:31,0.0010610000,629863.21638775,b,l
2026-02-09 17:04:31,0.0010620000,10968.75000000,b,l
2026-02-09 17:04:31,0.0010620000,232724.76279350,b,l
2026-02-09 17:04:45,0.0010600000,10968.75000000,b,l
2026-02-09 17:07:52,0.0010550000,181760.65118704,s,l
2026-02-09 17:10:10,0.0010510000,7882.18657170,s,l
2026-02-09 17:10:10,0.0010510000,10968.75000000,s,l
2026-02-09 17:10:10,0.0010510000,472542.51770800,s,l
2026-02-09 17:10:10,0.0010510000,95147.47859181,s,l
2026-02-09 17:10:10,0.0010500000,629863.21638775,s,l
2026-02-09 17:10:10,0.0010500000,10968.75000000,s,l
2026-02-09 17:10:10,0.0010500000,234726.61594558,s,l
2026-02-09 17:10:10,0.0010500000,32906.25000000,b,l
2026-02-09 17:10:10,0.0010500000,376305.88628765,b,l
2026-02-09 17:10:10,0.0010500000,25034.73565247,b,l
2026-02-09 17:10:10,0.0010500000,19267.82260000,b,l
2026-02-09 17:10:10,0.0010500000,25034.73565247,b,l
2026-02-09 17:10:10,0.0010500000,347660.05460257,b,l
2026-02-09 17:10:13,0.0010500000,10968.75000000,s,l
2026-02-09 17:10:13,0.0010500000,234726.61594558,s,l
2026-02-09 17:10:13,0.0010500000,95238.09523809,s,l
2026-02-09 17:10:13,0.0010500000,629863.21638775,s,l
2026-02-09 17:10:13,0.0010500000,366622.01378064,b,l
2026-02-09 17:10:13,0.0010500000,757374.61138615,b,l
2026-02-09 17:10:13,0.0010500000,1268859.69726100,b,l
2026-02-09 17:10:14,0.0010500000,0.00000079,b,l
2026-02-09 17:20:40,0.0010530000,555487.89966764,b,l
2026-02-09 17:20:45,0.0010520000,118821.29277566,b,l
2026-02-09 17:20:46,0.0010520000,80974.61800000,b,l
2026-02-09 17:21:06,0.0010520000,10968.75000000,b,l
2026-02-09 17:32:06,0.0010570000,10968.75000000,s,l
2026-02-09 17:33:07,0.0010650000,500000.00000000,b,l
2026-02-09 17:35:32,0.0010690000,13043.53055992,b,l
2026-02-09 17:43:57,0.0010740000,10968.75000000,s,l
2026-02-09 17:43:57,0.0010730000,10968.75000000,s,l
2026-02-09 17:43:57,0.0010730000,53570.96961396,s,l
2026-02-09 17:44:01,0.0010740000,10968.75000000,s,m
2026-02-09 17:44:01,0.0010740000,8299.07274000,s,m
2026-02-09 17:44:09,0.0010760000,53570.97000000,b,l
2026-02-09 17:44:10,0.0010780000,17406.00000000,b,l
2026-02-09 17:44:11,0.0010800000,10968.75000000,s,l
2026-02-09 17:44:12,0.0010800000,10968.75000000,s,l
2026-02-09 17:46:02,0.0010760000,10968.75000000,b,m
2026-02-09 17:46:02,0.0010770000,7549.76852000,b,m
2026-02-09 17:58:41,0.0010720000,10968.75000000,b,l
2026-02-09 17:58:41,0.0010730000,10968.75000000,b,l
2026-02-09 17:58:41,0.0010730000,1048772.79899912,b,l
2026-02-09 17:58:41,0.0010720000,10968.75000000,s,l
2026-02-09 17:58:41,0.0010720000,11420.95318592,s,l
2026-02-09 18:09:01,0.0010740000,10968.75000000,b,l
2026-02-09 18:09:45,0.0010740000,465333.50538300,b,l
2026-02-09 18:21:16,0.0010650000,140493.80000000,b,l
2026-02-09 18:33:48,0.0010660000,10968.75000000,s,l
2026-02-09 19:01:15,0.0010630000,10968.75000000,b,l
2026-02-09 19:01:15,0.0010630000,79053.65000000,b,l
2026-02-09 19:01:23,0.0010610000,10968.75000000,s,m
2026-02-09 19:01:23,0.0010610000,7549.76852000,s,m
2026-02-09 19:03:24,0.0010620000,10968.75000000,b,m
2026-02-09 19:03:24,0.0010630000,7881.39138000,b,m
2026-02-09 19:03:26,0.0010600000,10968.75000000,s,l
2026-02-09 19:03:26,0.0010600000,629863.21638775,s,l
2026-02-09 19:03:26,0.0010590000,10968.75000000,s,l
2026-02-09 19:03:26,0.0010590000,126513.68461225,s,l
2026-02-09 19:14:35,0.0010590000,4351.50000000,s,l
2026-02-09 20:08:55,0.0010690000,4308.89220000,b,l
2026-02-09 20:39:50,0.0010630000,10968.75000000,s,l
2026-02-09 21:02:16,0.0010620000,8070.10000000,s,l
2026-02-09 21:36:22,0.0010560000,94696.96969696,s,m
2026-02-09 21:36:22,0.0010560000,629863.21638775,s,m
2026-02-09 21:36:22,0.0010560000,10968.75000000,s,m
2026-02-09 21:36:22,0.0010550000,629863.21638775,s,m
2026-02-09 21:36:22,0.0010550000,10968.75000000,s,m
2026-02-09 21:36:22,0.0010550000,214681.64977327,s,m
2026-02-09 21:36:22,0.0010550000,474202.34539300,s,m
2026-02-09 21:36:22,0.0010550000,1008926.86636127,s,m
2026-02-09 21:45:21,0.0010560000,10968.75000000,s,l
2026-02-09 21:45:25,0.0010530000,10968.75000000,s,l
2026-02-09 21:45:25,0.0010530000,94786.78113017,s,l
2026-02-09 21:45:28,0.0010520000,9516.10000000,b,l
2026-02-09 21:47:24,0.0010500000,10968.75000000,s,l
2026-02-09 21:47:24,0.0010500000,89031.25000000,s,l
2026-02-09 22:14:43,0.0010690000,10968.75000000,b,l
2026-02-09 22:14:43,0.0010700000,34190.25000000,b,l
2026-02-09 22:33:18,0.0010650000,920.40000000,b,l
2026-02-09 22:36:42,0.0010650000,29079.60000000,b,l
2026-02-09 22:36:58,0.0010660000,97146.78538000,b,l
2026-02-09 22:36:59,0.0010710000,18421.00000000,b,l
2026-02-09 22:52:43,0.0010640000,1197.60000000,b,l
2026-02-09 23:05:04,0.0010670000,8436.19575159,s,l
2026-02-09 23:05:05,0.0010670000,8924.62445861,s,l
2026-02-09 23:16:06,0.0010670000,75787.23241612,s,m
2026-02-09 23:16:06,0.0010670000,105570.67358388,s,m
2026-02-09 23:37:51,0.0010660000,10125.00000000,b,l
2026-02-09 23:37:51,0.0010660000,92138.70000000,b,l
2026-02-09 23:44:55,0.0010650000,1500.00000000,s,l
2026-02-09 23:52:03,0.0010620000,10125.00000000,s,l
2026-02-09 23:52:03,0.0010620000,77830.50000000,s,l
2026-02-10 00:12:16,0.0010660000,1011.50000000,b,l
2026-02-10 00:12:38,0.0010660000,1195.40000000,b,l
2026-02-10 00:23:42,0.0010650000,10125.00000000,b,l
2026-02-10 00:23:42,0.0010650000,117370.89201877,b,l
