timestamp,price,volume,side,type
2026-02-05 23:08:44,1.05820000,196.53000000,s,l
2026-02-05 23:08:44,1.05820000,228.83471800,s,l
2026-02-05 23:08:44,1.05800000,567.10775047,s,l
2026-02-05 23:08:44,1.05800000,612.09224953,s,l
2026-02-05 23:13:10,1.06390000,8.66810000,b,l
2026-02-05 23:16:35,1.05670000,104.78800000,b,l
2026-02-05 23:20:55,1.05130000,37.12500000,s,l
2026-02-05 23:20:55,1.05120000,37.12500000,s,l
2026-02-05 23:20:55,1.05110000,123.69000000,s,l
2026-02-05 23:20:55,1.05110000,345.50251210,s,l
2026-02-05 23:20:55,1.05110000,1060.82896328,s,l
2026-02-05 23:20:55,1.05100000,421.59852462,s,l
2026-02-05 23:20:55,1.05100000,149.28634693,s,l
2026-02-05 23:20:55,1.05100000,951.47478591,s,l
2026-02-05 23:20:55,1.05100000,509.15318516,s,l
2026-02-05 23:20:55,1.05090000,37.12500000,s,l
2026-02-05 23:20:55,1.05050000,2592.84068200,s,l
2026-02-05 23:22:06,1.04840000,93.73250000,s,l
2026-02-05 23:22:06,1.04840000,37.12500000,s,l
2026-02-05 23:22:06,1.04840000,991.08250000,s,l
2026-02-05 23:22:06,1.04830000,237.86000000,s,l
2026-02-05 23:22:38,1.04930000,220.00000000,s,l
2026-02-05 23:22:38,1.04930000,37.12500000,s,l
2026-02-05 23:22:38,1.04930000,613.15500000,s,l
2026-02-05 23:22:38,1.04920000,220.00000000,s,l
2026-02-05 23:22:38,1.04920000,18.16000000,s,l
2026-02-05 23:22:38,1.04920000,198.46000000,b,l
2026-02-05 23:22:38,1.04920000,497.14378400,b,l
2026-02-05 23:22:38,1.04930000,613.15500000,b,l
2026-02-05 23:22:38,1.04940000,37.12500000,b,l
2026-02-05 23:22:38,1.04950000,312.00000000,b,l
2026-02-05 23:22:38,1.04960000,37.12500000,b,l
2026-02-05 23:22:38,1.04970000,571.59188339,b,l
2026-02-05 23:22:38,1.04970000,952.65313899,b,l
2026-02-05 23:22:38,1.04970000,312.00000000,b,l
2026-02-05 23:22:38,1.04980000,37.12500000,b,l
2026-02-05 23:22:38,1.05000000,37.12500000,b,l
2026-02-05 23:22:38,1.05030000,37.12500000,b,l
2026-02-05 23:23:53,1.04940000,9.52925481,s,l
2026-02-05 23:23:54,1.04940000,9.52925481,s,l
2026-02-05 23:23:55,1.04940000,7.99850225,s,l
2026-02-05 23:23:56,1.04940000,3.96857179,s,l
2026-02-05 23:23:58,1.04900000,2.95130194,s,l
2026-02-05 23:24:03,1.04900000,2.49156250,s,l
2026-02-05 23:30:34,1.05360000,4.36780000,s,l
2026-02-05 23:31:17,1.05230000,111.37500000,b,l
2026-02-05 23:33:21,1.05010000,200.00000000,s,l
2026-02-05 23:34:04,1.04830000,572.34958108,s,l
2026-02-05 23:34:04,1.04800000,20.30321892,s,l
2026-02-05 23:35:12,1.04450000,321.21960000,s,l
2026-02-05 23:35:12,1.04450000,253.20610000,s,l
2026-02-05 23:35:12,1.04450000,0.00009038,s,l
2026-02-05 23:35:12,1.04350000,907.33983173,s,l
2026-02-05 23:35:13,1.04360000,495.60370000,s,l
2026-02-05 23:35:13,1.04360000,0.00008400,s,l
2026-02-05 23:35:13,1.04290000,19.88911600,s,l
2026-02-05 23:35:13,1.04290000,54.41420000,s,l
2026-02-05 23:35:13,1.04290000,38.32380000,s,l
2026-02-05 23:35:13,1.04290000,127.71040000,s,l
2026-02-05 23:35:13,1.04290000,43.55350000,s,l
2026-02-05 23:38:33,1.04150000,220.00000000,s,l
2026-02-05 23:38:33,1.04150000,92.00000000,s,l
2026-02-05 23:38:33,1.04140000,128.00000000,s,l
2026-02-05 23:38:33,1.04140000,448.14749000,s,l
2026-02-05 23:41:37,1.03830000,2.31100000,b,l
2026-02-05 23:41:49,1.03710000,200.67000000,s,l
2026-02-05 23:41:49,1.03710000,377.86630315,s,l
2026-02-05 23:41:49,1.03710000,826.18369685,s,l
2026-02-05 23:41:49,1.03710000,138.04347507,s,l
2026-02-05 23:41:53,1.03580000,2.31060000,b,l
2026-02-05 23:42:13,1.03620000,2.31100000,b,l
2026-02-05 23:42:27,1.03690000,66.93219184,b,m
2026-02-05 23:42:29,1.03700000,2.31100000,b,l
2026-02-05 23:42:46,1.03710000,2.31060000,b,l
2026-02-05 23:43:02,1.03740000,2.31060000,b,l
2026-02-05 23:43:21,1.03820000,2.31060000,b,l
2026-02-05 23:43:37,1.03760000,2.31060000,b,l
2026-02-05 23:43:54,1.03600000,2.31060000,b,l
2026-02-05 23:44:12,1.03610000,2.31100000,b,l
2026-02-05 23:44:27,1.03750000,37.12500000,b,m
2026-02-05 23:44:27,1.03760000,29.51749783,b,m
2026-02-05 23:44:28,1.03740000,2.31100000,b,l
2026-02-05 23:48:40,1.03570000,34.91880000,s,l
2026-02-05 23:49:27,1.04020000,24.14456858,b,m
2026-02-05 23:49:34,1.03960000,69.93410000,b,l
2026-02-05 23:49:34,1.03960000,66.64240000,b,l
2026-02-05 23:49:34,1.03960000,25.88880000,b,l
2026-02-05 23:49:34,1.03960000,452.34149200,b,l
2026-02-05 23:50:32,1.03890000,9.53120000,b,l
2026-02-05 23:51:34,1.03770000,28.10180000,s,l
2026-02-05 23:51:34,1.03770000,138.15090000,s,l
2026-02-05 23:51:34,1.03770000,36.84890000,s,l
2026-02-05 23:51:34,1.03770000,196.81050000,s,l
2026-02-05 23:52:41,1.03200000,133.01560000,s,l
2026-02-05 23:52:41,1.03200000,146.24070000,s,l
2026-02-05 23:52:41,1.03200000,35.89790000,s,l
2026-02-05 23:52:41,1.03200000,40.94070000,s,l
2026-02-05 23:52:41,1.03200000,789.80090000,s,l
2026-02-05 23:52:41,1.03200000,81.84910000,s,l
2026-02-05 23:52:41,1.03200000,103.32080000,s,l
2026-02-05 23:52:41,1.03200000,220.00000000,s,l
2026-02-05 23:52:41,1.03200000,220.00000000,s,l
2026-02-05 23:52:41,1.03200000,220.00000000,s,l
2026-02-05 23:52:41,1.03200000,174.07320000,s,l
2026-02-05 23:52:41,1.03200000,436.44618896,s,l
2026-02-05 23:52:41,1.03200000,220.00000000,s,l
2026-02-05 23:52:41,1.03200000,57.03380000,s,l
2026-02-05 23:52:41,1.03200000,29.48750000,s,l
2026-02-05 23:52:41,1.03200000,220.00000000,s,l
2026-02-05 23:52:41,1.03200000,824.39835693,s,l
2026-02-05 23:52:41,1.03200000,170.88710000,s,l
2026-02-05 23:52:41,1.03200000,220.00000000,s,l
2026-02-05 23:52:41,1.03200000,220.00000000,s,l
2026-02-05 23:52:41,1.03200000,34.85960000,s,l
2026-02-05 23:52:41,1.03200000,59.45230000,s,l
2026-02-05 23:52:41,1.03200000,199.93870000,s,l
2026-02-05 23:52:41,1.03200000,290.20590000,s,l
2026-02-05 23:52:41,1.03200000,29.76550000,s,l
2026-02-05 23:52:41,1.03200000,34.24350000,s,l
2026-02-05 23:52:41,1.03200000,11.50210000,s,l
2026-02-05 23:52:41,1.03200000,49.23190000,s,l
2026-02-05 23:52:41,1.03200000,740.00740000,s,l
2026-02-05 23:52:41,1.03200000,220.00000000,s,l
2026-02-05 23:52:42,1.03200000,220.00000000,s,l
2026-02-05 23:52:42,1.03200000,220.00000000,s,l
2026-02-05 23:52:42,1.03200000,220.00000000,s,l
2026-02-05 23:52:42,1.03200000,220.00000000,s,l
2026-02-05 23:52:42,1.03200000,1123.83536263,s,l
2026-02-05 23:52:46,1.02980000,37.12500000,s,m
2026-02-05 23:52:46,1.02970000,85.21767076,s,m
2026-02-05 23:54:27,1.02810000,66.03908215,b,m
2026-02-05 23:57:54,1.02860000,66.11630000,s,l
2026-02-05 23:59:26,1.02910000,2.31060000,b,l
2026-02-05 23:59:42,1.02910000,2.31100000,b,l
2026-02-05 23:59:46,1.02910000,138.55900000,b,l
2026-02-05 23:59:56,1.02910000,0.00004700,b,l
2026-02-06 00:00:21,1.03370000,2.31100000,b,l
2026-02-06 00:00:33,1.03440000,37.12500000,b,l
2026-02-06 00:00:33,1.03440000,164.47500000,b,l
2026-02-06 00:01:37,1.03450000,221.83530000,s,l
2026-02-06 00:01:39,1.03450000,744.81525000,s,l
2026-02-06 00:01:40,1.03450000,0.00000582,s,l
2026-02-06 00:01:53,1.03220000,2.31100000,b,l
2026-02-06 00:02:11,1.03160000,2.31100000,b,l
2026-02-06 00:02:40,1.02920000,2.31100000,b,l
2026-02-06 00:03:03,1.02400000,202.66000000,s,l
2026-02-06 00:03:11,1.02470000,2.31100000,b,l
2026-02-06 00:03:12,1.02180000,203.15000000,s,l
2026-02-06 00:03:12,1.02180000,492.45370000,s,l
2026-02-06 00:03:12,1.02180000,0.00008400,s,l
2026-02-06 00:03:49,1.02800000,2.31100000,b,l
2026-02-06 00:04:22,1.02910000,2.31060000,b,l
2026-02-06 00:04:39,1.02670000,2.31100000,b,l
2026-02-06 00:04:45,1.02670000,202.97000000,b,l
2026-02-06 00:05:35,1.01770000,2.31100000,b,l
2026-02-06 00:06:05,1.01490000,2.31100000,b,l
2026-02-06 00:06:12,1.01180000,101.19557500,s,m
2026-02-06 00:06:16,1.01020000,4396.68510700,s,l
2026-02-06 00:06:16,1.01000000,674.76088442,s,l
2026-02-06 00:06:16,1.01000000,187.24950000,s,l
2026-02-06 00:06:17,1.01000000,5210.36442616,s,l
2026-02-06 00:06:17,1.01000000,187.04991115,s,l
2026-02-06 00:06:18,1.01000000,138.55900000,s,l
2026-02-06 00:06:18,1.01000000,660.00000000,s,l
2026-02-06 00:06:18,1.01000000,1000.00000000,s,l
2026-02-06 00:06:18,1.01000000,220.00000000,s,l
2026-02-06 00:06:18,1.01000000,137.85786242,s,l
2026-02-06 00:06:18,1.01000000,29.70297030,s,l
2026-02-06 00:06:23,1.01230000,2.31100000,b,l
2026-02-06 00:06:44,1.00800000,206.10000000,s,l
2026-02-06 00:06:44,1.00800000,93.90000000,s,l
2026-02-06 00:06:44,1.00790000,300.00000000,s,l
2026-02-06 00:06:44,1.00680000,37.12500000,s,l
2026-02-06 00:06:44,1.00670000,214.52500000,s,l
2026-02-06 00:06:50,1.01040000,206.31000000,b,l
2026-02-06 00:06:51,1.01070000,101.73290000,b,l
2026-02-06 00:06:51,1.01070000,387.56088400,b,l
2026-02-06 00:06:51,1.01080000,206.02831600,b,l
2026-02-06 00:06:51,1.01080000,387.56092024,b,l
2026-02-06 00:06:51,1.01120000,184.67790000,b,l
2026-02-06 00:06:51,1.01120000,167.56080000,b,l
2026-02-06 00:06:51,1.01120000,184.67790000,b,l
2026-02-06 00:07:34,1.01710000,35.32210000,b,l
2026-02-06 00:07:34,1.01710000,220.00000000,b,l
2026-02-06 00:07:34,1.01710000,334.59039631,b,l
2026-02-06 00:07:34,1.01750000,325.40970000,b,l
2026-02-06 00:07:34,1.01750000,325.40970000,b,l
2026-02-06 00:07:34,1.01750000,16.46380000,b,l
2026-02-06 00:07:59,1.01850000,2.31100000,b,l
2026-02-06 00:08:07,1.01820000,229.18060000,b,l
2026-02-06 00:08:07,1.01820000,360.09450000,b,l
2026-02-06 00:08:25,1.01630000,2.31100000,b,l
2026-02-06 00:08:55,1.01440000,2.31100000,b,l
2026-02-06 00:09:14,1.00910000,2.31100000,b,l
2026-02-06 00:09:14,1.00610000,19.35212900,s,l
2026-02-06 00:09:18,1.00260000,206.47000000,s,l
2026-02-06 00:09:49,1.01200000,2.31100000,b,l
2026-02-06 00:10:01,1.00860000,148.51011835,s,l
2026-02-06 00:10:10,1.01460000,2.31100000,b,l
2026-02-06 00:10:27,1.00890000,2.31100000,b,l
2026-02-06 00:10:37,1.00400000,476.41375966,s,l
2026-02-06 00:10:44,1.00640000,2.31100000,b,l
2026-02-06 00:11:10,1.00360000,519.90550000,b,l
2026-02-06 00:11:10,1.00360000,77.94220000,b,l
2026-02-06 00:11:10,1.00360000,0.00004810,b,l
2026-02-06 00:11:10,1.00390000,142.05780000,b,l
2026-02-06 00:11:21,1.00310000,598.14574818,b,l
2026-02-06 00:11:21,1.00310000,996.90958030,b,l
2026-02-06 00:11:25,1.00000000,1.00000000,s,l
2026-02-06 00:11:25,1.00000000,10.00000000,s,l
2026-02-06 00:11:25,1.00000000,100.00000000,s,l
2026-02-06 00:11:25,1.00000000,489.02702507,s,l
2026-02-06 00:11:25,1.00000000,22.00000000,s,m
2026-02-06 00:11:25,1.00000000,722.15120000,s,l
2026-02-06 00:11:25,1.00000000,220.00000000,s,l
2026-02-06 00:11:25,1.00000000,46.82177493,s,l
2026-02-06 00:11:25,1.00000000,10.00000000,s,l
2026-02-06 00:11:25,1.00000000,250.00000000,s,l
2026-02-06 00:11:25,1.00000000,9.99999507,s,l
2026-02-06 00:11:25,1.00000000,0.00000493,s,l
2026-02-06 00:11:27,0.99760000,37.12500000,s,l
2026-02-06 00:11:27,0.99750000,37.12500000,s,l
2026-02-06 00:11:27,0.99750000,100.00000000,s,l
2026-02-06 00:11:27,0.99740000,33.78000000,s,l
2026-02-06 00:11:27,0.99750000,601.50375939,s,l
2026-02-06 00:11:27,0.99750000,100.00000000,s,l
2026-02-06 00:11:27,0.99740000,0.53524140,s,m
2026-02-06 00:11:27,0.99740000,56.51633322,s,m
2026-02-06 00:12:05,0.99800000,601.20240480,b,l
2026-02-06 00:12:05,0.99800000,1002.00400800,b,l
2026-02-06 00:12:11,1.00180000,598.92190000,b,l
2026-02-06 00:12:11,1.00180000,0.00004050,b,l
2026-02-06 00:12:11,1.00220000,997.87345950,b,l
2026-02-06 00:12:12,1.00220000,0.00006471,b,l
2026-02-06 00:12:12,1.00240000,598.60513529,b,l
2026-02-06 00:12:18,1.00450000,208.24000000,b,l
2026-02-06 00:12:20,1.00450000,4.97193308,b,l
2026-02-06 00:12:24,1.00170000,14.00000000,s,l
2026-02-06 00:12:54,0.99650000,100.00000000,s,l
2026-02-06 00:12:54,0.99640000,187.04991115,s,l
2026-02-06 00:12:54,0.99640000,212.95008885,s,l
2026-02-06 00:12:54,0.99630000,379.97054081,s,l
2026-02-06 00:12:54,0.99630000,20.02945919,s,l
2026-02-06 00:13:02,0.99610000,100.00000000,s,l
2026-02-06 00:13:02,0.99600000,87.04991115,s,l
2026-02-06 00:13:09,0.99530000,187.04991115,s,l
2026-02-06 00:13:09,0.99530000,212.95008885,s,l
2026-02-06 00:13:09,0.99520000,400.00000000,s,l
2026-02-06 00:13:11,0.99250000,208.93000000,s,l
2026-02-06 00:13:13,0.99530000,501.10830000,b,l
2026-02-06 00:13:15,0.99000000,100.00000000,s,l
2026-02-06 00:13:17,0.98770000,37.12500000,s,l
2026-02-06 00:13:17,0.98770000,681.60378400,s,l
2026-02-06 00:13:17,0.98760000,37.12500000,s,l
2026-02-06 00:13:17,0.98750000,607.59493670,s,l
2026-02-06 00:13:17,0.98750000,1012.65822784,s,l
2026-02-06 00:13:17,0.98750000,37.12500000,s,l
2026-02-06 00:13:17,0.98730000,37.12500000,s,l
2026-02-06 00:13:17,0.98710000,37.12500000,s,l
2026-02-06 00:13:17,0.98640000,37.12500000,s,l
2026-02-06 00:13:17,0.98590000,56.19277409,s,l
2026-02-06 00:13:17,0.98590000,37.12500000,s,l
2026-02-06 00:13:17,0.98540000,37.12500000,s,l
2026-02-06 00:13:17,0.98530000,37.12500000,s,l
2026-02-06 00:13:17,0.98510000,241.11128015,s,l
2026-02-06 00:13:17,0.98510000,37.12500000,s,l
2026-02-06 00:13:17,0.98510000,179.91592453,s,l
2026-02-06 00:13:17,0.98500000,1786.00100000,b,l
2026-02-06 00:13:17,0.98500000,1750.38703699,b,l
2026-02-06 00:13:17,0.98730000,1786.00100000,b,l
2026-02-06 00:13:17,0.98730000,0.00006722,b,l
2026-02-06 00:13:17,0.98520000,170.86209229,s,l
2026-02-06 00:13:17,0.98510000,100.00000000,s,l
2026-02-06 00:13:17,0.98500000,399.99999991,s,l
2026-02-06 00:13:17,0.98350000,400.00000000,s,l
2026-02-06 00:13:17,0.98330000,400.00000000,s,l
2026-02-06 00:13:17,0.98310000,129.94126949,s,l
2026-02-06 00:13:17,0.98300000,712.99296269,s,l
2026-02-06 00:13:17,0.98300000,603.46675312,s,l
2026-02-06 00:13:18,0.98300000,4847.60093440,s,l
2026-02-06 00:13:18,0.98300000,181.00300000,s,l
2026-02-06 00:13:18,0.98300000,1006.45490000,s,l
2026-02-06 00:13:18,0.98300000,722.06539595,s,l
2026-02-06 00:13:18,0.98300000,246.00100000,s,l
2026-02-06 00:13:18,0.98300000,220.00000000,s,l
2026-02-06 00:13:18,0.98300000,880.00000000,s,l
2026-02-06 00:13:18,0.98300000,220.00000000,s,l
2026-02-06 00:13:18,0.98300000,162.65320000,s,l
2026-02-06 00:13:18,0.98300000,220.00000000,s,l
2026-02-06 00:13:18,0.98300000,150.70183350,s,l
2026-02-06 00:13:18,0.98000000,8.00000000,s,l
2026-02-06 00:13:18,0.97870000,37.12500000,s,l
2026-02-06 00:13:18,0.98080000,69.00000000,s,l
2026-02-06 00:13:18,0.98080000,97.22180000,s,l
2026-02-06 00:13:18,0.98080000,69.29820000,s,l
2026-02-06 00:13:18,0.98080000,164.48000000,s,l
2026-02-06 00:13:21,0.97690000,30.00000000,s,m
2026-02-06 00:13:21,0.97690000,50.00000000,s,m
2026-02-06 00:13:24,0.97720000,175.33087733,s,l
2026-02-06 00:13:24,0.97720000,37.12500000,s,l
2026-02-06 00:13:24,0.97710000,37.12500000,s,l
2026-02-06 00:13:24,0.97700000,100.00000000,s,l
2026-02-06 00:13:24,0.97700000,37.12500000,s,l
2026-02-06 00:13:24,0.97290000,100.00000000,s,l
2026-02-06 00:13:24,0.97290000,37.12500000,s,l
2026-02-06 00:13:24,0.97280000,400.00000000,s,l
2026-02-06 00:13:24,0.97280000,37.12500000,s,l
2026-02-06 00:13:24,0.97270000,400.00000000,s,l
2026-02-06 00:13:25,0.97270000,37.12500000,s,l
2026-02-06 00:13:25,0.97260000,228.77187330,s,l
2026-02-06 00:13:25,0.97260000,171.22812670,s,l
2026-02-06 00:13:25,0.97260000,37.12500000,s,l
2026-02-06 00:13:25,0.97170000,37.12500000,s,l
2026-02-06 00:13:25,0.97020000,37.12500000,s,l
2026-02-06 00:13:25,0.96950000,37.12500000,s,l
2026-02-06 00:13:25,0.96890000,37.12500000,s,l
2026-02-06 00:13:25,0.96880000,37.12500000,s,l
2026-02-06 00:13:25,0.96870000,37.12500000,s,l
2026-02-06 00:13:26,0.97100000,11.88983591,s,l
2026-02-06 00:13:29,0.96990000,37.12500000,s,l
2026-02-06 00:13:29,0.96830000,37.12500000,s,l
2026-02-06 00:13:29,0.96810000,37.12500000,s,l
2026-02-06 00:13:29,0.96800000,37.12500000,s,l
2026-02-06 00:13:29,0.96530000,37.12500000,s,l
2026-02-06 00:13:29,0.97090000,173.00000000,s,l
2026-02-06 00:13:30,0.96780000,400.00000000,s,l
2026-02-06 00:13:35,0.96770000,356.74338420,s,l
2026-02-06 00:13:35,0.96770000,155.12324113,s,l
2026-02-06 00:13:36,0.97380000,695.60370000,b,l
2026-02-06 00:13:47,0.97160000,87.00203540,s,l
2026-02-06 00:13:49,0.96920000,51.00000000,s,l
2026-02-06 00:13:49,0.96920000,114.00000000,s,l
2026-02-06 00:13:49,0.96820000,443.60166460,s,l
2026-02-06 00:13:54,0.96800000,12.00000000,s,m
2026-02-06 00:13:54,0.96800000,12.00000000,s,m
2026-02-06 00:13:54,0.96800000,19.00000000,s,m
2026-02-06 00:13:54,0.96800000,12.00000000,s,m
2026-02-06 00:13:54,0.96800000,19.00000000,s,m
2026-02-06 00:13:54,0.96800000,12.00000000,s,m
2026-02-06 00:13:54,0.96800000,12.00000000,s,m
2026-02-06 00:13:54,0.96800000,12.00000000,s,m
2026-02-06 00:13:54,0.96800000,12.00000000,s,m
2026-02-06 00:13:54,0.96800000,12.00000000,s,m
2026-02-06 00:13:54,0.96800000,12.00000000,s,m
2026-02-06 00:13:54,0.96800000,28.00000000,s,m
2026-02-06 00:13:54,0.96800000,28.00000000,s,m
2026-02-06 00:13:54,0.96800000,15.00000000,s,m
2026-02-06 00:13:54,0.96800000,15.00000000,s,m
2026-02-06 00:13:55,0.96820000,42.08643180,s,l
2026-02-06 00:13:57,0.96740000,110.20582357,s,m
2026-02-06 00:13:57,0.96740000,24.94920000,s,m
2026-02-06 00:13:57,0.96740000,286.64173178,s,m
2026-02-06 00:13:57,0.96740000,2.96150087,s,m
2026-02-06 00:13:59,0.97380000,37.12500000,b,l
2026-02-06 00:14:02,0.96790000,39.00000000,s,l
2026-02-06 00:14:02,0.96790000,261.00000000,s,l
2026-02-06 00:14:02,0.96790000,100.00000000,s,l
2026-02-06 00:14:12,0.96440000,695.60378300,b,l
2026-02-06 00:14:12,0.96490000,1072.63987050,b,l
2026-02-06 00:14:12,0.96510000,2377.65326250,b,l
2026-02-06 00:14:16,0.95700000,695.60378400,s,l
2026-02-06 00:14:16,0.95550000,1167.53488903,b,l
2026-02-06 00:14:16,0.95600000,177.91623410,s,l
2026-02-06 00:14:17,0.95110000,3640.21352447,s,l
2026-02-06 00:14:17,0.95090000,106.92536463,s,l
2026-02-06 00:14:18,0.94620000,40.25704000,s,l
2026-02-06 00:14:21,0.95400000,348.87630000,b,l
2026-02-06 00:14:21,0.95400000,126.72740000,b,l
2026-02-06 00:14:21,0.95400000,220.00008400,b,l
2026-02-06 00:14:21,0.95420000,1413.27251600,b,l
2026-02-06 00:14:21,0.95420000,575.53180000,b,l
2026-02-06 00:14:26,0.95700000,400.00000000,b,l
2026-02-06 00:14:27,0.95850000,400.00000000,b,l
2026-02-06 00:14:35,0.95230000,187.35694450,s,l
2026-02-06 00:14:36,0.94310000,9.16712100,s,l
2026-02-06 00:14:42,0.94000000,530.00000000,s,l
2026-02-06 00:14:43,0.93150000,21.18178984,s,l
2026-02-06 00:14:45,0.93570000,349.25500000,b,l
2026-02-06 00:14:45,0.93610000,1214.40228000,b,l
2026-02-06 00:14:45,0.93620000,230.81092000,b,l
2026-02-06 00:14:45,0.93620000,628.21730000,b,l
2026-02-06 00:14:46,0.93710000,100.00000000,b,l
2026-02-06 00:14:46,0.93720000,412.16000000,b,l
2026-02-06 00:14:46,0.93920000,37.12500000,b,l
2026-02-06 00:14:46,0.93930000,100.00000000,b,l
2026-02-06 00:14:46,0.93940000,400.00000000,b,l
2026-02-06 00:14:46,0.93950000,415.51000000,b,l
2026-02-06 00:14:46,0.94070000,400.00000000,b,l
2026-02-06 00:14:46,0.94080000,37.12500000,b,l
2026-02-06 00:14:46,0.94100000,400.00000000,b,l
2026-02-06 00:14:46,0.94170000,37.12500000,b,l
2026-02-06 00:14:47,0.94240000,400.00000000,b,l
2026-02-06 00:14:50,0.95110000,28.38818210,b,l
2026-02-06 00:15:00,0.94470000,24.37155000,s,l
2026-02-06 00:15:07,0.95680000,87.81271290,b,l
2026-02-06 00:15:18,0.94460000,662.06511300,s,l
2026-02-06 00:15:18,0.94430000,635.39129510,s,l
2026-02-06 00:15:18,0.94190000,262.56000000,s,l
2026-02-06 00:15:32,0.94430000,7.40895120,s,l
2026-02-06 00:15:32,0.94430000,70.36148660,s,l
2026-02-06 00:15:35,0.93940000,46.11978720,s,l
2026-02-06 00:15:54,0.93300000,198.74677712,s,m
2026-02-06 00:15:54,0.93300000,257.00000000,s,m
2026-02-06 00:15:54,0.93300000,257.00000000,s,m
2026-02-06 00:15:54,0.93300000,137.00000000,s,m
2026-02-06 00:15:54,0.93300000,217.00000000,s,m
2026-02-06 00:15:54,0.93300000,26.00000000,s,m
2026-02-06 00:15:54,0.93300000,40.00000000,s,m
2026-02-06 00:15:54,0.93300000,17.00000000,s,m
2026-02-06 00:15:54,0.93300000,17.00000000,s,m
2026-02-06 00:15:54,0.93300000,22.00000000,s,m
2026-02-06 00:15:54,0.93300000,6.25742497,s,m
2026-02-06 00:15:54,0.93290000,5.74257503,s,m
2026-02-06 00:15:54,0.93290000,12.00000000,s,m
2026-02-06 00:15:54,0.93290000,22.00000000,s,m
2026-02-06 00:15:54,0.93290000,12.00000000,s,m
2026-02-06 00:15:54,0.93290000,12.00000000,s,m
2026-02-06 00:16:10,0.94800000,30.19291000,s,l
2026-02-06 00:16:35,0.93670000,34.84454085,s,l
2026-02-06 00:17:08,0.95620000,34.54557469,s,l
2026-02-06 00:17:09,0.95670000,3000.00000100,s,m
2026-02-06 00:17:24,0.95890000,100.00000000,s,l
2026-02-06 00:17:24,0.95880000,100.00000000,s,l
2026-02-06 00:17:24,0.95880000,5.30324940,s,l
2026-02-06 00:17:24,0.95880000,294.69675060,s,l
2026-02-06 00:17:24,0.95870000,300.00000000,s,l
2026-02-06 00:17:24,0.95870000,100.00000000,s,l
2026-02-06 00:17:54,0.95480000,9.74529795,s,m
2026-02-06 00:17:54,0.95480000,15.79682697,s,m
2026-02-06 00:17:54,0.95480000,5.46699150,s,m
2026-02-06 00:17:54,0.95480000,31.06290600,s,m
2026-02-06 00:17:54,0.95480000,1384.00000000,s,m
2026-02-06 00:17:54,0.95480000,761.00000000,s,m
2026-02-06 00:17:54,0.95480000,623.00000000,s,m
2026-02-06 00:17:54,0.95480000,1339.92921038,s,m
2026-02-06 00:17:54,0.95470000,44.07078962,s,m
2026-02-06 00:17:54,0.95470000,761.00000000,s,m
2026-02-06 00:17:54,0.95470000,778.00000000,s,m
2026-02-06 00:17:54,0.95470000,139.26890769,s,m
2026-02-06 00:17:54,0.95470000,628.42523181,s,m
2026-02-06 00:17:54,0.95460000,149.30586050,s,m
2026-02-06 00:17:54,0.95460000,95.00000000,s,m
2026-02-06 00:17:54,0.95460000,17.01413950,s,m
2026-02-06 00:17:54,0.95450000,56.98586050,s,m
2026-02-06 00:17:54,0.95450000,594.00000000,s,m
2026-02-06 00:17:54,0.95450000,79.00000000,s,m
2026-02-06 00:18:26,0.94040000,56.82440910,s,l
2026-02-06 00:18:26,0.94040000,143.17559090,s,l
2026-02-06 00:18:43,0.93710000,640.27318322,b,l
2026-02-06 00:18:43,0.93710000,1067.12197198,b,l
2026-02-06 00:18:48,0.94430000,37.12500000,b,l
2026-02-06 00:18:48,0.94490000,1.87500000,b,l
2026-02-06 00:18:48,0.94490000,35.25000000,b,l
2026-02-06 00:18:48,0.94490000,37.12500000,b,l
2026-02-06 00:18:48,0.94520000,135.20000000,b,l
2026-02-06 00:19:00,0.94020000,638.16209310,b,l
2026-02-06 00:19:15,0.93010000,400.00000000,s,l
2026-02-06 00:19:15,0.93000000,21.50537635,s,l
2026-02-06 00:19:16,0.92760000,135.20000000,s,m
2026-02-06 00:19:16,0.92750000,1202.44657488,s,m
2026-02-06 00:19:16,0.92740000,490.82215500,s,m
2026-02-06 00:19:28,0.92500000,36.41490000,b,l
2026-02-06 00:19:30,0.92200000,44.52277657,s,l
2026-02-06 00:19:31,0.91490000,269.01000000,s,m
2026-02-06 00:19:31,0.91310000,291.76000000,s,m
2026-02-06 00:19:31,0.91120000,77.87003400,s,m
2026-02-06 00:19:36,0.92070000,25.00000000,b,l
2026-02-06 00:19:36,0.92070000,29.00000000,b,l
2026-02-06 00:19:37,0.92170000,54.00000000,b,l
2026-02-06 00:19:46,0.91080000,400.00000000,s,l
2026-02-06 00:19:54,0.90500000,48.00000000,s,m
2026-02-06 00:19:54,0.90500000,23.00000000,s,m
2026-02-06 00:19:54,0.90500000,48.00000000,s,m
2026-02-06 00:19:54,0.90500000,17.00000000,s,m
2026-02-06 00:19:54,0.90500000,13.00000000,s,m
2026-02-06 00:19:54,0.90500000,13.00000000,s,m
2026-02-06 00:19:54,0.90500000,20.00000000,s,m
2026-02-06 00:19:54,0.90500000,20.00000000,s,m
2026-02-06 00:19:54,0.90500000,12.00000000,s,m
2026-02-06 00:19:54,0.90500000,11.00000000,s,m
2026-02-06 00:19:54,0.90500000,49.06000000,s,m
2026-02-06 00:19:54,0.90490000,13.27792140,s,m
2026-02-06 00:19:54,0.90490000,18.88074300,s,m
2026-02-06 00:19:54,0.90490000,296.54133560,s,m
2026-02-06 00:19:54,0.90480000,596.97000000,s,m
2026-02-06 00:19:56,0.90540000,185.19620000,s,l
2026-02-06 00:19:56,0.90540000,214.80380000,s,l
2026-02-06 00:19:57,0.90450000,200.00000000,s,l
2026-02-06 00:19:57,0.90450000,200.00000000,s,l
2026-02-06 00:20:01,0.91440000,656.16797900,b,l
2026-02-06 00:20:01,0.91440000,878.80942100,b,l
2026-02-06 00:20:01,0.91440000,214.80380000,b,l
2026-02-06 00:20:01,0.91440000,0.00007733,b,l
2026-02-06 00:20:40,0.91470000,246.34469268,b,l
2026-02-06 00:21:02,0.91740000,60.80000000,b,l
2026-02-06 00:21:02,0.91730000,38.00000000,b,l
2026-02-06 00:21:02,0.91730000,506.38880000,b,l
2026-02-06 00:21:02,0.91770000,400.00000000,b,l
2026-02-06 00:21:03,0.91680000,400.00000000,b,l
2026-02-06 00:21:11,0.92350000,206.65230000,b,l
2026-02-06 00:21:11,0.92350000,0.00000801,b,l
2026-02-06 00:21:23,0.93650000,400.00000000,b,l
2026-02-06 00:22:01,0.93480000,156.51786580,s,l
2026-02-06 00:22:01,0.93480000,592.16113767,s,l
2026-02-06 00:22:05,0.93190000,45.67246480,s,l
2026-02-06 00:22:42,0.93300000,400.00000000,b,l
2026-02-06 00:23:25,0.92990000,173.51060000,s,l
2026-02-06 00:23:29,0.93040000,176.62654050,s,l
2026-02-06 00:24:13,0.94170000,173.51068400,b,l
2026-02-06 00:24:13,0.94200000,13.53922715,b,l
2026-02-06 00:24:13,0.94200000,86.46070000,b,l
2026-02-06 00:24:13,0.94200000,0.00007285,b,l
2026-02-06 00:24:13,0.94210000,103.93162715,b,l
2026-02-06 00:25:38,0.92800000,251.85032900,s,m
2026-02-06 00:26:00,0.93620000,251.85030000,b,l
2026-02-06 00:26:00,0.93620000,0.00002900,b,l
2026-02-06 00:26:00,0.93630000,100.00000000,b,l
2026-02-06 00:26:00,0.93640000,400.00000000,b,l
2026-02-06 00:26:00,0.93650000,399.99997100,b,l
2026-02-06 00:26:03,0.94060000,84.25760000,b,l
2026-02-06 00:26:03,0.94060000,19.35500000,b,l
2026-02-06 00:26:03,0.94060000,220.00000000,b,l
2026-02-06 00:26:03,0.94060000,440.00000000,b,l
2026-02-06 00:26:03,0.94060000,220.00000000,b,l
2026-02-06 00:26:03,0.94060000,220.00000000,b,l
2026-02-06 00:26:03,0.94060000,440.00000000,b,l
2026-02-06 00:26:03,0.94060000,440.00000000,b,l
2026-02-06 00:26:03,0.94060000,352.10680000,b,l
2026-02-06 00:26:03,0.94060000,490.82220000,b,l
2026-02-06 00:26:03,0.94060000,753.58960000,b,l
2026-02-06 00:26:03,0.93870000,695.60378400,s,l
2026-02-06 00:26:03,0.93860000,1200.19884946,s,l
2026-02-06 00:26:03,0.93710000,500.00000000,s,l
2026-02-06 00:26:03,0.93670000,1260.22000000,s,l
2026-02-06 00:26:03,0.93670000,37.12500000,s,l
2026-02-06 00:26:03,0.93600000,267.39000000,s,l
2026-02-06 00:26:03,0.93560000,37.12500000,s,l
2026-02-06 00:26:03,0.93540000,1192.42097191,s,l
2026-02-06 00:26:03,0.93540000,37.12500000,s,l
2026-02-06 00:26:03,0.93540000,689.40169463,s,l
2026-02-06 00:26:04,0.94050000,187.04991115,b,l
2026-02-06 00:26:05,0.94060000,716.55374500,b,l
2026-02-06 00:26:17,0.94580000,20.00000000,b,l
2026-02-06 00:26:19,0.94970000,1.37420000,b,l
2026-02-06 00:26:29,0.94370000,37.12500000,b,l
2026-02-06 00:26:29,0.94380000,66.20550000,b,l
2026-02-06 00:26:50,0.93570000,187.04991200,s,l
2026-02-06 00:27:52,0.94030000,187.04991115,b,l
2026-02-06 00:28:19,0.93810000,92.65810000,s,l
2026-02-06 00:28:19,0.93810000,0.00009637,s,l
2026-02-06 00:29:09,0.94320000,22.05980000,s,l
2026-02-06 00:29:35,0.94760000,10.20260000,b,l
2026-02-06 00:30:13,0.94940000,187.04991115,b,l
2026-02-06 00:30:37,0.94790000,92.65810000,b,l
2026-02-06 00:30:37,0.94790000,142.67920555,b,l
2026-02-06 00:30:37,0.94890000,44.37070560,b,l
2026-02-06 00:31:24,0.95910000,187.04991115,b,l
2026-02-06 00:32:32,0.95740000,10.09170000,b,l
2026-02-06 00:33:06,0.96400000,95.85000000,b,l
2026-02-06 00:34:25,0.97970000,171.82130584,b,l
2026-02-06 00:35:07,0.99380000,21.03491796,b,m
2026-02-06 00:35:12,0.99200000,203.34305400,b,l
2026-02-06 00:35:12,0.99210000,507.00534220,b,l
2026-02-06 00:36:24,0.98690000,3.06180000,s,l
2026-02-06 00:36:52,0.99150000,220.00000000,s,l
2026-02-06 00:36:52,0.99150000,440.00000000,s,l
2026-02-06 00:36:52,0.99150000,35.60370000,s,l
2026-02-06 00:36:52,0.99150000,0.00008400,s,l
2026-02-06 00:36:57,0.99290000,404.39630000,s,l
2026-02-06 00:36:57,0.99290000,1373.21740000,s,l
2026-02-06 00:36:57,0.99290000,286.79740000,s,l
2026-02-06 00:36:57,0.99290000,117.59890000,s,l
2026-02-06 00:37:25,0.99670000,13.47156900,s,l
2026-02-06 00:37:27,1.00040000,171.59802745,b,l
2026-02-06 00:37:59,1.00050000,9.65990000,b,l
2026-02-06 00:38:15,1.00190000,9.64740000,b,l
2026-02-06 00:38:37,1.00190000,77.14810000,b,l
2026-02-06 00:38:41,1.00450000,19.28900000,b,l
2026-02-06 00:39:17,1.01330000,7.43864457,b,l
2026-02-06 00:39:21,1.01610000,3.95838000,b,l
2026-02-06 00:39:21,1.01610000,657.00748400,b,l
2026-02-06 00:39:21,1.01620000,312.00000000,b,l
2026-02-06 00:39:21,1.01810000,37.12500000,b,l
2026-02-06 00:39:21,1.01300000,400.00000000,b,l
2026-02-06 00:40:02,1.01180000,477.56226480,b,l
2026-02-06 00:40:02,1.01190000,115.37117575,b,l
2026-02-06 00:40:03,1.01190000,15.23720000,b,l
2026-02-06 00:40:03,1.01190000,102.36170000,b,l
2026-02-06 00:40:03,1.01190000,14.06992425,b,l
2026-02-06 00:40:12,1.00880000,695.60378400,s,l
2026-02-06 00:40:12,1.00870000,539.44621600,s,l
2026-02-06 00:43:21,1.00080000,385.25730000,b,l
2026-02-06 00:43:21,1.00070000,192.62860000,b,l
2026-02-06 00:43:44,0.99890000,96.31430000,b,l
2026-02-06 00:43:44,0.99890000,21.40350000,b,l
2026-02-06 00:43:54,1.00180000,37.45540000,b,l
2026-02-06 00:43:54,1.00180000,18.72770000,b,l
2026-02-06 00:43:54,1.00180000,9.36390000,b,l
2026-02-06 00:43:54,1.00180000,4.68190000,b,l
2026-02-06 00:44:17,1.00170000,2.34100000,b,l
2026-02-06 00:44:49,1.00080000,100.00000000,b,l
2026-02-06 00:44:50,1.00060000,220.00000000,b,l
2026-02-06 00:44:50,1.00070000,220.00000000,b,l
2026-02-06 00:44:50,1.00070000,136.22970000,b,l
2026-02-06 00:44:50,1.00070000,243.35059379,b,l
2026-02-06 00:44:50,1.00070000,636.64940621,b,l
2026-02-06 00:44:50,1.00070000,172.87898471,b,l
2026-02-06 00:44:51,1.00340000,482.43290000,b,l
2026-02-06 00:46:08,1.00750000,187.04991115,s,l
2026-02-06 00:46:09,1.00800000,215.89120000,s,l
2026-02-06 00:46:09,1.00800000,220.00000000,s,l
2026-02-06 00:46:09,1.00800000,72.66250000,s,l
2026-02-06 00:46:09,1.00800000,0.00008885,s,l
2026-02-06 00:47:12,1.00840000,19.58470000,b,l
2026-02-06 00:47:41,1.00400000,3.73284988,b,l
2026-02-06 00:47:41,1.00410000,4.86128300,b,l
2026-02-06 00:48:07,0.99980000,220.00000000,s,l
2026-02-06 00:48:07,0.99980000,147.33750000,s,l
2026-02-06 00:48:07,0.99980000,147.96080000,s,l
2026-02-06 00:48:07,0.99980000,84.82172400,s,l
2026-02-06 00:48:08,1.00100000,37.12500000,b,l
2026-02-06 00:48:08,1.00110000,37.12500000,b,l
2026-02-06 00:48:08,1.00110000,7.95778300,b,l
2026-02-06 00:48:08,1.00020000,29.15198359,b,l
2026-02-06 00:48:08,1.00020000,53.05580000,b,l
2026-02-06 00:48:08,1.00110000,29.11096452,b,l
2026-02-06 00:48:22,0.99790000,82.21402647,s,l
2026-02-06 00:48:33,0.99980000,9.66090000,b,l
2026-02-06 00:51:31,1.01870000,47.39810000,b,l
2026-02-06 00:51:41,1.01340000,92.13780000,s,l
2026-02-06 00:52:23,1.01820000,2.21740000,b,l
2026-02-06 00:53:12,1.01540000,19.54430000,b,l
2026-02-06 00:53:22,1.01380000,205.14000000,s,l
2026-02-06 00:53:22,1.01380000,386.69270862,s,l
2026-02-06 00:53:22,1.01380000,986.38784770,s,l
2026-02-06 00:54:03,1.02000000,396.98776898,s,l
2026-02-06 00:54:03,1.02000000,312.00000000,s,l
2026-02-06 00:54:03,1.01990000,588.29296989,s,l
2026-02-06 00:54:03,1.01990000,980.48828316,s,l
2026-02-06 00:54:03,1.01940000,11.79853308,s,l
2026-02-06 00:54:59,1.02160000,587.31401722,s,l
2026-02-06 00:54:59,1.02160000,978.85669537,s,l
2026-02-06 00:54:59,1.02140000,735.74578320,s,l
2026-02-06 00:54:59,1.02080000,37.12500000,s,l
2026-02-06 00:54:59,1.02080000,37.12500000,s,l
2026-02-06 00:54:59,1.01910000,37.12500000,s,l
2026-02-06 00:54:59,1.01910000,1020.05926781,s,l
2026-02-06 00:54:59,1.01900000,37.12500000,s,l
2026-02-06 00:54:59,1.01870000,37.12500000,s,l
2026-02-06 00:55:06,1.02270000,100.00000000,b,l
2026-02-06 00:55:13,1.02020000,2.78834200,b,l
2026-02-06 00:55:13,1.02030000,3.46498860,b,l
2026-02-06 00:55:13,1.02080000,35.80466940,b,l
2026-02-06 00:55:17,1.01830000,146.61681700,s,l
2026-02-06 00:55:17,1.01830000,97.96318300,s,l
2026-02-06 00:55:18,1.02060000,37.12500000,b,l
2026-02-06 00:55:18,1.02070000,37.12500000,b,l
2026-02-06 00:55:18,1.02070000,16.32490000,b,l
2026-02-06 00:55:20,1.01700000,735.74578320,s,l
2026-02-06 00:55:20,1.01690000,386.55368370,s,l
2026-02-06 00:55:20,1.01690000,983.38086340,s,l
2026-02-06 00:55:34,1.01270000,146.61681700,s,l
2026-02-06 00:55:34,1.01270000,98.41318300,s,l
2026-02-06 00:55:44,1.01390000,37.12500000,b,l
2026-02-06 00:55:44,1.01500000,73.87500000,b,l
2026-02-06 00:56:01,1.01200000,146.61681700,s,l
2026-02-06 00:56:21,1.01230000,592.70967104,s,l
2026-02-06 00:56:34,1.01290000,396.98776898,b,l
2026-02-06 00:56:34,1.01290000,312.00000000,b,l
2026-02-06 00:56:34,1.01310000,4.22985840,b,l
2026-02-06 00:57:02,1.01210000,187.04991115,s,l
2026-02-06 00:57:02,1.01210000,146.61681700,s,l
2026-02-06 00:57:02,1.01210000,23.62380000,s,l
2026-02-06 00:57:02,1.01210000,220.00000000,s,l
2026-02-06 00:57:02,1.01210000,47.31800000,s,l
2026-02-06 00:57:02,1.01210000,674.88240000,s,l
2026-02-06 00:57:02,1.01210000,196.30580000,s,l
2026-02-06 00:57:02,1.01200000,246.85000000,s,l
2026-02-06 00:57:02,1.01210000,1162.13000000,s,l
2026-02-06 00:57:15,1.01310000,37.12500000,b,l
2026-02-06 00:57:15,1.01320000,1.00000000,b,l
2026-02-06 00:57:19,1.01130000,19.62580000,b,l
2026-02-06 00:58:29,1.00790000,146.61681700,s,l
2026-02-06 00:58:31,1.00790000,187.04991115,s,l
2026-02-06 00:58:31,1.00790000,146.61681700,s,l
2026-02-06 00:58:33,1.00790000,187.04991115,s,l
2026-02-06 00:58:33,1.00790000,146.61681700,s,l
2026-02-06 00:58:39,1.00790000,187.04991115,s,l
2026-02-06 00:58:39,1.00790000,146.61681700,s,l
2026-02-06 00:58:39,1.00790000,2444.99442057,s,l
2026-02-06 00:58:53,1.01190000,4.04556360,b,l
2026-02-06 00:58:53,1.01220000,15.65893640,b,l
2026-02-06 00:58:54,1.01320000,19.71270000,b,l
2026-02-06 01:00:00,1.01030000,206.44000000,b,l
2026-02-06 01:00:03,1.01040000,103.86240000,b,l
2026-02-06 01:00:03,1.01040000,9.87283475,b,l
2026-02-06 01:01:26,1.01280000,37.12500000,s,l
2026-02-06 01:01:26,1.01270000,37.12500000,s,l
2026-02-06 01:01:26,1.01270000,131.14000000,s,l
2026-02-06 01:01:26,1.01270000,233.41108600,s,l
2026-02-06 01:01:26,1.01250000,37.12500000,s,l
2026-02-06 01:01:26,1.01220000,37.12500000,s,l
2026-02-06 01:01:26,1.01140000,37.12500000,s,l
2026-02-06 01:01:26,1.01130000,37.12500000,s,l
2026-02-06 01:01:26,1.01120000,37.12500000,s,l
2026-02-06 01:01:26,1.01100000,37.12500000,s,l
2026-02-06 01:01:26,1.01090000,37.12500000,s,l
2026-02-06 01:01:26,1.01160000,11.85340674,s,l
2026-02-06 01:01:26,1.01090000,2726.12190000,b,l
2026-02-06 01:01:36,1.01450000,19.72520000,b,l
2026-02-06 01:01:46,1.01290000,37.12500000,s,l
2026-02-06 01:01:46,1.01280000,592.41706161,s,l
2026-02-06 01:01:46,1.01280000,492.75740529,s,l
2026-02-06 01:01:46,1.01280000,494.60436406,s,l
2026-02-06 01:01:46,1.01270000,37.12500000,s,l
2026-02-06 01:01:46,1.01260000,1397.37969680,s,l
2026-02-06 01:01:46,1.01250000,37.12500000,s,l
2026-02-06 01:01:46,1.01290000,37.12500000,s,l
2026-02-06 01:01:58,1.01220000,19.73850000,b,l
2026-02-06 01:02:01,1.01110000,445.54686514,s,l
2026-02-06 01:02:01,1.01110000,183.28630000,s,l
2026-02-06 01:02:01,1.01110000,534.33683486,s,l
2026-02-06 01:02:01,1.01100000,246.83000000,s,l
2026-02-06 01:02:02,1.00920000,37.12500000,s,m
2026-02-06 01:02:02,1.00910000,31.32807745,s,m
2026-02-06 01:03:30,1.01050000,37.12500000,s,m
2026-02-06 01:03:30,1.01040000,31.53836834,s,m
2026-02-06 01:03:31,1.01460000,22.86400000,b,l
2026-02-06 01:04:10,1.01720000,220.00000000,b,l
2026-02-06 01:04:10,1.01720000,1100.00000000,b,l
2026-02-06 01:04:16,1.01720000,220.00000000,b,l
2026-02-06 01:04:16,1.01720000,187.04991115,b,l
2026-02-06 01:04:16,1.01720000,36.07212845,b,l
2026-02-06 01:04:23,1.01850000,37.12500000,b,l
2026-02-06 01:04:23,1.01860000,695.60378460,b,l
2026-02-06 01:04:23,1.01870000,37.12500000,b,l
2026-02-06 01:04:23,1.01880000,37.12500000,b,l
2026-02-06 01:04:23,1.01900000,37.12500000,b,l
2026-02-06 01:04:23,1.01910000,37.12500000,b,l
2026-02-06 01:04:23,1.01930000,37.12500000,b,l
2026-02-06 01:04:23,1.01940000,37.12500000,b,l
2026-02-06 01:04:23,1.01950000,37.12500000,b,l
2026-02-06 01:04:23,1.01960000,287.97741540,b,l
2026-02-06 01:04:34,1.02180000,19.66150000,b,l
2026-02-06 01:04:57,1.02350000,19.66740000,b,l
2026-02-06 01:05:11,1.02350000,37.12500000,s,l
2026-02-06 01:05:11,1.02340000,695.60378400,s,l
2026-02-06 01:05:11,1.02320000,37.12500000,s,l
2026-02-06 01:06:02,1.01360000,67.71716673,s,m
2026-02-06 01:06:07,1.01430000,3.49210800,b,l
2026-02-06 01:06:07,1.01480000,16.31119200,b,l
2026-02-06 01:06:44,1.01120000,37.12500000,s,l
2026-02-06 01:06:44,1.01110000,593.41311442,s,l
2026-02-06 01:06:44,1.01110000,989.02185738,s,l
2026-02-06 01:06:44,1.01100000,37.12500000,s,l
2026-02-06 01:06:44,1.01090000,37.12500000,s,l
2026-02-06 01:06:44,1.01090000,2982.00000000,s,l
2026-02-06 01:08:23,1.02070000,13.35030000,s,l
2026-02-06 01:08:46,1.02360000,19.75630000,b,l
2026-02-06 01:10:14,1.02610000,86.40000740,b,l
2026-02-06 01:10:18,1.03100000,19.73880000,b,l
2026-02-06 01:10:37,1.03000000,19.69940000,b,l
2026-02-06 01:10:41,1.02830000,19.70790000,b,l
2026-02-06 01:13:37,1.02390000,19.72780000,b,l
2026-02-06 01:13:58,1.02360000,19.69540000,b,l
2026-02-06 01:14:14,1.02220000,3.60944280,b,l
2026-02-06 01:15:15,1.02750000,23.30220000,b,l
2026-02-06 01:15:36,1.02710000,4.46933880,b,l
2026-02-06 01:15:36,1.02710000,15.16056120,b,l
2026-02-06 01:16:09,1.03070000,656.13718400,b,m
2026-02-06 01:16:09,1.03080000,312.00000000,b,m
2026-02-06 01:16:09,1.03080000,37.12500000,b,m
2026-02-06 01:16:09,1.03100000,37.12500000,b,m
2026-02-06 01:16:09,1.03120000,396.98776898,b,m
2026-02-06 01:16:09,1.03120000,37.12500000,b,m
2026-02-06 01:16:09,1.03130000,190.16671368,b,m
2026-02-06 01:16:20,1.02980000,19.56400000,b,l
2026-02-06 01:18:37,1.03620000,19.49980000,b,l
2026-02-06 01:18:44,1.03240000,695.60378400,s,l
2026-02-06 01:18:44,1.03230000,24.72269495,s,l
2026-02-06 01:18:44,1.03230000,12.40230505,s,l
2026-02-06 01:18:44,1.03230000,722.96012270,s,l
2026-02-06 01:18:44,1.03210000,37.12500000,s,l
2026-02-06 01:18:44,1.03190000,107.21347425,s,l
2026-02-06 01:19:26,1.03070000,19.51560000,b,l
2026-02-06 01:19:39,1.03090000,37.12500000,b,l
2026-02-06 01:19:39,1.03100000,9.69890000,b,l
2026-02-06 01:20:00,1.03240000,19.53670000,b,l
2026-02-06 01:20:05,1.03180000,19.48650000,b,l
2026-02-06 01:22:02,1.02740000,166.90649117,b,l
2026-02-06 01:22:53,1.02720000,37.12500000,b,m
2026-02-06 01:22:53,1.02730000,37.12500000,b,m
2026-02-06 01:22:53,1.02730000,315.12380755,b,m
2026-02-06 01:24:06,1.02640000,19.56760000,b,l
2026-02-06 01:25:26,1.02700000,19.67000000,b,l
2026-02-06 01:25:46,1.02630000,19.66530000,b,l
2026-02-06 01:28:15,1.02410000,439.76479811,s,l
2026-02-06 01:29:58,1.02680000,19.62950000,b,l
2026-02-06 01:32:21,1.02830000,19.62850000,b,l
2026-02-06 01:33:37,1.02930000,19.58060000,b,l
2026-02-06 01:35:25,1.02940000,29.95423800,s,l
2026-02-06 01:38:52,1.03370000,18.69190000,b,l
2026-02-06 01:42:01,1.03190000,90.85410000,b,l
2026-02-06 01:42:01,1.03190000,37.12500000,b,l
2026-02-06 01:42:37,1.03090000,19.59850000,b,l
2026-02-06 01:43:18,1.03190000,0.81615503,b,l
2026-02-06 01:43:59,1.03570000,201.41000000,s,l
2026-02-06 01:44:42,1.03420000,19.61890000,b,l
2026-02-06 01:46:05,1.03470000,19.60970000,b,l
2026-02-06 01:46:26,1.03500000,19.63440000,b,l
2026-02-06 01:47:16,1.03880000,9.30270000,b,l
2026-02-06 01:48:07,1.04320000,19.63280000,b,l
2026-02-06 01:48:27,1.04500000,37.12500000,b,m
2026-02-06 01:48:27,1.04510000,31.32807745,b,m
2026-02-06 01:48:55,1.04110000,36.07210000,s,l
2026-02-06 01:48:55,1.04110000,275.92790000,s,l
2026-02-06 01:48:56,1.04070000,396.98770000,s,l
2026-02-06 01:48:56,1.04070000,0.00006898,s,l
2026-02-06 01:49:00,1.04040000,312.00000000,s,l
2026-02-06 01:49:00,1.04030000,396.98770000,s,l
2026-02-06 01:49:00,1.04030000,0.00006898,s,l
2026-02-06 01:49:01,1.04090000,19.66930000,b,l
2026-02-06 01:49:31,1.03880000,37.12500000,s,m
2026-02-06 01:49:31,1.03870000,434.25004800,s,m
2026-02-06 01:49:31,1.03870000,37.12500000,s,m
2026-02-06 01:49:31,1.03860000,0.03569800,s,m
2026-02-06 01:50:13,1.04410000,19.60120000,b,l
2026-02-06 01:50:27,1.04280000,37.12500000,b,m
2026-02-06 01:50:27,1.04280000,31.53836834,b,m
2026-02-06 01:51:49,1.04260000,19.64640000,b,l
2026-02-06 01:51:56,1.04490000,19.66400000,b,l
2026-02-06 01:52:19,1.04220000,9.26880000,b,l
2026-02-06 01:52:41,1.04100000,432.57215511,s,l
2026-02-06 01:53:24,1.04000000,37.12500000,b,l
2026-02-06 01:53:24,1.04010000,37.12500000,b,l
2026-02-06 01:53:24,1.04010000,644.41901621,b,l
2026-02-06 01:53:24,1.04020000,576.81215150,b,l
2026-02-06 01:53:24,1.04020000,961.35358584,b,l
2026-02-06 01:53:24,1.04030000,37.12500000,b,l
2026-02-06 01:53:24,1.04040000,37.12500000,b,l
2026-02-06 01:53:24,1.04060000,478.85635380,b,l
2026-02-06 01:53:24,1.04070000,37.12500000,b,l
2026-02-06 01:53:24,1.04070000,463.10778063,b,l
2026-02-06 01:54:51,1.03980000,37.12500000,s,l
2026-02-06 01:54:51,1.03980000,395.97554904,s,l
2026-02-06 01:54:57,1.03980000,37.12500000,s,l
2026-02-06 01:54:57,1.03970000,395.98652563,s,l
2026-02-06 01:55:36,1.04330000,19.73040000,b,l
2026-02-06 01:56:35,1.04560000,19.74690000,b,l
2026-02-06 01:57:22,1.04510000,19.72960000,b,l
2026-02-06 01:57:56,1.04560000,19.71160000,b,l
2026-02-06 01:58:16,1.04380000,431.32685551,s,l
2026-02-06 01:58:27,1.04400000,37.12500000,b,m
2026-02-06 01:58:27,1.04410000,30.59216673,b,m
2026-02-06 01:59:30,1.04670000,19.69470000,b,l
2026-02-06 01:59:35,1.04610000,19.67440000,b,l
2026-02-06 02:00:26,1.04370000,81.66570000,b,l
2026-02-06 02:00:26,1.04370000,0.00003150,b,l
2026-02-06 02:00:26,1.04520000,19.74916850,b,l
2026-02-06 02:03:07,1.05020000,19.64030000,b,l
2026-02-06 02:03:23,1.04680000,19.64700000,b,l
2026-02-06 02:06:12,1.05100000,19.53470000,b,l
2026-02-06 02:08:36,1.04790000,19.54690000,b,l
2026-02-06 02:11:17,1.04300000,19.57290000,b,l
2026-02-06 02:11:32,1.04310000,19.55870000,b,l
2026-02-06 02:12:53,1.03700000,37.26480000,b,l
2026-02-06 02:14:49,1.03360000,103.43530000,b,l
2026-02-06 02:14:49,1.03360000,16.49550000,b,l
2026-02-06 02:14:55,1.03360000,0.00003084,b,l
2026-02-06 02:14:55,1.03460000,19.68916916,b,l
2026-02-06 02:15:23,1.03370000,19.67240000,b,l
2026-02-06 02:16:48,1.02990000,67.02931701,s,m
2026-02-06 02:17:15,1.03370000,19.74130000,b,l
2026-02-06 02:18:46,1.03340000,172.38902500,b,m
2026-02-06 02:19:11,1.03230000,19.78150000,b,l
2026-02-06 02:20:58,1.02330000,62.06170000,s,l
2026-02-06 02:21:34,1.02290000,2.31100000,b,l
2026-02-06 02:22:08,1.02280000,2.31100000,b,l
2026-02-06 02:22:41,1.02050000,2.31100000,b,l
2026-02-06 02:22:58,1.02080000,2.31100000,b,l
2026-02-06 02:23:30,1.02060000,2.31100000,b,l
2026-02-06 02:23:58,1.02070000,19.80300000,b,l
2026-02-06 02:24:16,1.01900000,2.31100000,b,l
2026-02-06 02:24:27,1.01910000,67.02931701,b,m
2026-02-06 02:25:02,1.01870000,2.31100000,b,l
2026-02-06 02:25:20,1.01910000,2.31100000,b,l
2026-02-06 02:25:37,1.01740000,2.31100000,b,l
2026-02-06 02:27:10,1.01940000,5.58800000,b,m
2026-02-06 02:28:26,1.02190000,19.82000000,b,l
2026-02-06 02:29:44,1.02020000,441.43048763,s,l
2026-02-06 02:31:10,1.02210000,11.16340000,s,l
2026-02-06 02:33:25,1.02760000,19.76470000,b,l
2026-02-06 02:36:13,1.03080000,18.99520000,b,l
2026-02-06 02:36:47,1.03320000,37.12500000,b,l
2026-02-06 02:36:47,1.03330000,9.67260000,b,l
2026-02-06 02:36:48,1.03320000,19.71260000,b,l
2026-02-06 02:39:50,1.03330000,19.75180000,b,l
2026-02-06 02:41:48,1.02910000,67.30730000,b,l
2026-02-06 02:41:48,1.02910000,27.94600000,b,l
2026-02-06 02:42:07,1.02840000,72.07210000,s,l
2026-02-06 02:42:07,1.02840000,220.00000000,s,l
2026-02-06 02:42:07,1.02840000,852.49790000,s,l
2026-02-06 02:43:26,1.02840000,19.91390000,b,l
2026-02-06 02:43:42,1.02790000,19.91120000,b,l
2026-02-06 02:44:21,1.02910000,0.00005562,b,l
2026-02-06 02:46:01,1.02600000,220.00000000,s,l
2026-02-06 02:46:01,1.02600000,49.30620000,s,l
2026-02-06 02:46:01,1.02600000,220.00009294,s,l
2026-02-06 02:46:41,1.02500000,19.92540000,b,l
2026-02-06 02:46:42,1.02500000,17.19960000,b,l
2026-02-06 02:46:42,1.02510000,2.72450000,b,l
2026-02-06 02:48:40,1.01900000,19.95790000,b,l
2026-02-06 02:49:45,1.02100000,20.30840000,b,l
2026-02-06 02:52:02,1.02000000,19.99800000,b,l
2026-02-06 02:53:32,1.01670000,20.01590000,b,l
2026-02-06 02:55:20,1.01860000,20.00490000,b,l
2026-02-06 02:57:42,1.01550000,20.01720000,b,l
2026-02-06 02:59:41,1.01800000,9.49290000,b,l
2026-02-06 03:00:38,1.01960000,0.97080000,b,l
2026-02-06 03:01:20,1.01960000,59.76070000,b,l
2026-02-06 03:01:20,1.01960000,24.81230000,b,l
2026-02-06 03:01:45,1.01960000,0.00004720,b,l
2026-02-06 03:01:45,1.02110000,19.97815280,b,l
2026-02-06 03:02:30,1.02170000,294.10530000,s,l
2026-02-06 03:03:10,1.02250000,37.12500000,s,l
2026-02-06 03:03:10,1.02240000,8.23140000,s,l
2026-02-06 03:03:32,1.02530000,19.91820000,b,l
2026-02-06 03:04:06,1.02590000,220.00000000,b,l
2026-02-06 03:04:06,1.02590000,49.30620000,b,l
2026-02-06 03:04:06,1.02590000,315.54612478,b,l
2026-02-06 03:04:06,1.02590000,754.75377522,b,l
2026-02-06 03:04:06,1.02590000,190.29990000,b,l
2026-02-06 03:04:13,1.02580000,19.91870000,b,l
2026-02-06 03:05:07,1.02140000,20.30770000,b,l
2026-02-06 03:07:27,1.01700000,19.98280000,b,l
2026-02-06 03:08:02,1.01600000,19.97080000,b,l
2026-02-06 03:11:02,1.01090000,20.04570000,b,l
2026-02-06 03:11:10,1.01090000,16.65570000,b,l
2026-02-06 03:11:14,1.01090000,28.23452824,b,l
2026-02-06 03:11:25,1.01080000,160.59980000,s,l
2026-02-06 03:11:25,1.01080000,151.40020000,s,l
2026-02-06 03:11:25,1.01070000,593.64790000,s,l
2026-02-06 03:11:25,1.01070000,0.00006675,s,l
2026-02-06 03:11:26,1.01010000,574.95190000,s,l
2026-02-06 03:11:26,1.01010000,220.00000000,s,l
2026-02-06 03:11:26,1.01010000,1675.86287081,s,l
2026-02-06 03:11:56,1.01310000,20.01310000,b,l
2026-02-06 03:13:27,1.01380000,19.97460000,b,l
2026-02-06 03:13:28,1.01380000,9.52840000,b,l
2026-02-06 03:13:48,1.01200000,68.34504340,s,m
2026-02-06 03:14:18,1.01090000,68.46660573,s,m
2026-02-06 03:15:04,1.01270000,206.04000000,b,l
2026-02-06 03:15:34,1.01370000,19.98590000,b,l
2026-02-06 03:15:49,1.01460000,19.97250000,b,l
2026-02-06 03:16:18,1.01410000,68.29115414,s,m
2026-02-06 03:17:24,1.01360000,779.50940000,s,l
2026-02-06 03:17:24,1.01360000,207.02931466,s,l
2026-02-06 03:18:35,1.01570000,19.98550000,b,l
2026-02-06 03:18:48,1.01380000,50.00000000,b,l
2026-02-06 03:20:58,1.01500000,29.51390000,b,l
2026-02-06 03:21:00,1.01500000,58.88734203,b,l
2026-02-06 03:21:08,1.01630000,20.00310000,b,l
2026-02-06 03:22:01,1.01760000,20.00560000,b,l
2026-02-06 03:23:02,1.01510000,24.11550000,b,l
2026-02-06 03:24:24,1.01200000,2.92500000,b,l
2026-02-06 03:25:30,1.01100000,196.43120000,s,l
2026-02-06 03:25:30,1.01100000,220.00000000,s,l
2026-02-06 03:25:30,1.01100000,176.98770046,s,l
2026-02-06 03:25:30,1.01080000,221.63819954,s,l
2026-02-06 03:26:47,1.01180000,20.02830000,b,l
2026-02-06 03:27:02,1.01100000,37.12500000,s,l
2026-02-06 03:27:02,1.01090000,162.87500000,s,l
2026-02-06 03:29:20,1.02010000,80.91430000,s,l
2026-02-06 03:29:21,1.02120000,80.91430000,b,l
2026-02-06 03:29:21,1.02120000,300.00000000,b,l
2026-02-06 03:29:21,1.02130000,587.48653676,b,l
2026-02-06 03:29:21,1.02130000,979.14422794,b,l
2026-02-06 03:29:21,1.02140000,396.98776898,b,l
2026-02-06 03:29:21,1.02160000,37.12500000,b,l
2026-02-06 03:29:21,1.02170000,37.12500000,b,l
2026-02-06 03:29:21,1.02180000,37.12500000,b,l
2026-02-06 03:29:21,1.02180000,1091.72627721,b,l
2026-02-06 03:29:21,1.02190000,12.50959034,b,l
2026-02-06 03:29:21,1.02220000,37.12500000,b,l
2026-02-06 03:29:21,1.02260000,37.12500000,b,l
2026-02-06 03:29:21,1.02270000,1154.11000000,b,l
2026-02-06 03:29:21,1.02300000,37.12500000,b,l
2026-02-06 03:29:21,1.02320000,37.12500000,b,l
2026-02-06 03:29:21,1.02320000,171.24346000,b,l
2026-02-06 03:29:21,1.02340000,37.12500000,b,l
2026-02-06 03:29:21,1.02360000,37.12500000,b,l
2026-02-06 03:29:21,1.02400000,37.12500000,b,l
2026-02-06 03:29:21,1.02420000,37.12500000,b,l
2026-02-06 03:29:21,1.02430000,343.40000000,b,l
2026-02-06 03:29:21,1.02440000,37.12500000,b,l
2026-02-06 03:29:21,1.02440000,3250.38453424,b,l
2026-02-06 03:29:21,1.02460000,186.59330453,b,l
2026-02-06 03:30:26,1.02180000,19.89760000,b,l
2026-02-06 03:30:46,1.02100000,128.66315925,b,l
2026-02-06 03:31:21,1.02450000,160.31580000,s,l
2026-02-06 03:31:21,1.02450000,160.31580000,s,l
2026-02-06 03:31:21,1.02450000,34.90130000,s,l
2026-02-06 03:31:21,1.02450000,0.00007912,s,l
2026-02-06 03:34:18,1.02110000,3.90640000,b,l
2026-02-06 03:34:19,1.02100000,19.91990000,b,l
2026-02-06 03:34:57,1.01900000,23.74176098,s,l
2026-02-06 03:34:57,1.01900000,13.38323902,s,l
2026-02-06 03:37:39,1.02370000,19.86970000,b,l
2026-02-06 03:39:47,1.02030000,79.27510000,b,l
2026-02-06 03:40:17,1.02000000,19.91470000,b,l
2026-02-06 03:40:52,1.01930000,77.39300000,b,l
2026-02-06 03:41:00,1.01930000,0.00007672,b,l
2026-02-06 03:42:44,1.02030000,18.92990000,b,l
2026-02-06 03:42:50,1.02050000,19.87720000,b,l
2026-02-06 03:44:25,1.01810000,20.22910000,b,l
2026-02-06 03:46:18,1.01830000,19.85450000,b,l
2026-02-06 03:50:02,1.01700000,63.57850000,b,l
2026-02-06 03:50:02,1.01700000,0.00009408,b,l
2026-02-06 03:50:22,1.01960000,20.14250000,b,l
2026-02-06 03:50:55,1.01930000,19.04880000,b,l
2026-02-06 03:53:11,1.01700000,69.33200000,b,l
2026-02-06 03:53:55,1.01790000,98.24147755,b,m
2026-02-06 03:54:36,1.01810000,9.49190000,b,l
2026-02-06 03:57:15,1.02270000,365.13544500,s,m
2026-02-06 03:57:40,1.02370000,147.55980000,b,l
2026-02-06 03:57:41,1.02370000,174.92320000,b,l
2026-02-06 03:57:41,1.02370000,263.62621168,b,l
2026-02-06 03:57:41,1.02370000,176.37378832,b,l
2026-02-06 03:57:41,1.02370000,91.78450000,b,l
2026-02-06 03:57:41,1.02370000,708.69039781,b,l
2026-02-06 03:57:46,1.02490000,300.00000000,s,l
2026-02-06 03:59:46,1.02330000,20.02200000,b,l
2026-02-06 04:01:35,1.01950000,114.76810000,b,l
2026-02-06 04:01:38,1.01950000,0.00000130,b,l
2026-02-06 04:02:03,1.02020000,18.92440000,b,l
2026-02-06 04:03:25,1.01950000,19.78280000,b,l
2026-02-06 04:05:14,1.01950000,18.21090000,b,l
2026-02-06 04:07:01,1.02120000,20.14870000,b,l
2026-02-06 04:09:41,1.01950000,100.00000000,b,l
2026-02-06 04:15:58,1.02330000,3.26200000,b,l
2026-02-06 04:17:36,1.02360000,18.87260000,b,l
2026-02-06 04:18:33,1.02640000,820.48000000,s,l
2026-02-06 04:21:45,1.02670000,93.32860000,b,l
2026-02-06 04:21:47,1.02670000,0.00007494,b,l
2026-02-06 04:21:49,1.02860000,23.33268500,b,l
2026-02-06 04:22:33,1.03090000,1.60890000,b,l
2026-02-06 04:23:08,1.03100000,24.59190000,b,l
2026-02-06 04:23:59,1.03080000,1.87350000,b,l
2026-02-06 04:26:48,1.03840000,12.32740000,b,l
2026-02-06 04:26:50,1.03840000,0.00007126,b,l
2026-02-06 04:27:38,1.03970000,9.29110000,b,l
2026-02-06 04:28:11,1.03680000,172.38902500,s,m
2026-02-06 04:29:21,1.03750000,3.08911828,b,l
2026-02-06 04:31:05,1.03430000,18.77350000,b,l
2026-02-06 04:31:16,1.03420000,9.34410000,b,l
2026-02-06 04:31:44,1.03430000,94.36290949,b,l
2026-02-06 04:34:31,1.03820000,23.33268500,b,m
2026-02-06 04:35:11,1.03750000,9.31620000,b,l
2026-02-06 04:39:50,1.03230000,6.37697300,s,l
2026-02-06 04:41:24,1.03120000,64.01086681,b,l
2026-02-06 04:41:24,1.03140000,186.71863319,b,l
2026-02-06 04:42:47,1.02950000,174.12333700,b,m
2026-02-06 04:43:36,1.03090000,74.97060000,b,l
2026-02-06 04:44:18,1.03140000,160.48000000,b,l
2026-02-06 04:44:18,1.03140000,53.22340000,b,l
2026-02-06 04:44:18,1.03140000,220.00000000,b,l
2026-02-06 04:44:18,1.03140000,148.03016602,b,l
2026-02-06 04:44:19,1.03240000,28.10310000,b,l
2026-02-06 04:44:26,1.03200000,107.00000000,s,l
2026-02-06 04:48:11,1.03560000,37.12500000,s,m
2026-02-06 04:48:11,1.03550000,136.99833700,s,m
2026-02-06 04:48:32,1.03580000,37.12500000,s,l
2026-02-06 04:48:32,1.03570000,213.60450000,s,l
2026-02-06 04:48:39,1.03560000,396.98776898,s,l
2026-02-06 05:01:43,1.03660000,71.97010000,b,l
2026-02-06 05:01:43,1.03660000,0.45844159,b,l
2026-02-06 05:04:27,1.04380000,68.34504340,b,m
2026-02-06 05:05:28,1.04420000,7.13425055,b,l
2026-02-06 05:09:14,1.04310000,200.00000000,b,l
2026-02-06 05:09:27,1.04330000,68.46660573,b,m
2026-02-06 05:11:23,1.04320000,57.73920000,b,l
2026-02-06 05:11:24,1.04320000,0.00006381,b,l
2026-02-06 05:12:23,1.04940000,19.59570000,b,l
2026-02-06 05:14:27,1.04990000,68.29115414,b,m
2026-02-06 05:17:03,1.04750000,9.22280000,b,l
2026-02-06 05:17:38,1.04570000,199.33000000,b,l
2026-02-06 05:17:38,1.04570000,100.67000000,b,l
2026-02-06 05:17:38,1.04580000,956.29114800,b,l
2026-02-06 05:17:38,1.04580000,573.72346528,b,l
2026-02-06 05:17:38,1.04590000,37.12500000,b,l
2026-02-06 05:17:38,1.04610000,37.12500000,b,l
2026-02-06 05:17:38,1.04610000,11.64834774,b,l
2026-02-06 05:17:38,1.04670000,172.38902500,b,l
2026-02-06 05:17:38,1.04590000,37.12500000,b,l
2026-02-06 05:17:38,1.04590000,162.26080000,b,l
2026-02-06 05:17:38,1.04590000,28.10290000,b,l
2026-02-06 05:17:38,1.04590000,220.00000000,b,l
2026-02-06 05:18:37,1.04640000,9.23780000,b,l
2026-02-06 05:18:46,1.04570000,2.52660000,s,l
2026-02-06 05:20:23,1.04850000,9.21930000,b,l
2026-02-06 05:21:05,1.04760000,198.74000000,s,l
2026-02-06 05:21:05,1.04760000,496.86378400,s,l
2026-02-06 05:21:05,1.04740000,1355.29028973,s,l
2026-02-06 05:21:05,1.04720000,572.91715893,s,l
2026-02-06 05:21:05,1.04710000,37.12500000,s,l
2026-02-06 05:21:05,1.04700000,955.05718527,s,l
2026-02-06 05:23:33,1.04640000,440.00000000,s,l
2026-02-06 05:23:33,1.04640000,440.00000000,s,l
2026-02-06 05:23:33,1.04640000,24.85000000,s,l
2026-02-06 05:23:33,1.04640000,220.00000000,s,l
2026-02-06 05:24:05,1.04650000,24.85000000,b,l
2026-02-06 05:25:06,1.04650000,29.95602859,b,l
2026-02-06 05:25:06,1.04670000,573.27748183,b,l
2026-02-06 05:25:06,1.04690000,37.12500000,b,l
2026-02-06 05:25:06,1.04700000,955.14280208,b,l
2026-02-06 05:25:06,1.04710000,37.12500000,b,l
2026-02-06 05:25:06,1.04730000,37.12500000,b,l
2026-02-06 05:25:06,1.04730000,716.16335010,b,l
2026-02-06 05:25:06,1.04760000,11.95434161,b,l
2026-02-06 05:25:06,1.04770000,37.12500000,b,l
2026-02-06 05:25:06,1.04800000,695.60378400,b,l
2026-02-06 05:25:06,1.04810000,37.12500000,b,l
2026-02-06 05:25:06,1.04810000,382.35994497,b,l
2026-02-06 05:25:06,1.04880000,37.12500000,b,l
2026-02-06 05:25:06,1.04900000,37.12500000,b,l
2026-02-06 05:25:06,1.04910000,1742.96655000,b,l
2026-02-06 05:25:06,1.04910000,1435.00000000,b,l
2026-02-06 05:25:06,1.04930000,37.12500000,b,l
2026-02-06 05:25:06,1.04930000,1126.10000000,b,l
2026-02-06 05:25:06,1.04960000,37.12500000,b,l
2026-02-06 05:25:06,1.04980000,37.12500000,b,l
2026-02-06 05:25:06,1.05000000,37.12500000,b,l
2026-02-06 05:25:06,1.05010000,1124.76740498,b,l
2026-02-06 05:25:06,1.05020000,37.12500000,b,l
2026-02-06 05:25:06,1.05020000,1062.28378781,b,l
2026-02-06 05:25:06,1.05030000,1200.19884946,b,l
2026-02-06 05:25:06,1.05040000,37.12500000,b,l
2026-02-06 05:25:06,1.05050000,178.72006000,b,l
2026-02-06 05:25:06,1.05060000,334.42000000,b,l
2026-02-06 05:25:06,1.05080000,37.12500000,b,l
2026-02-06 05:25:06,1.05110000,219.84136000,b,l
2026-02-06 05:25:06,1.05120000,37.12500000,b,l
2026-02-06 05:25:06,1.05140000,292.59894000,b,l
2026-02-06 05:25:06,1.05180000,37.12500000,b,l
2026-02-06 05:25:06,1.05200000,37.12500000,b,l
2026-02-06 05:25:06,1.05200000,427.39764000,b,l
2026-02-06 05:25:06,1.05200000,1507.94822140,b,l
2026-02-06 05:25:06,1.05220000,37.12500000,b,l
2026-02-06 05:25:06,1.05240000,37.12500000,b,l
2026-02-06 05:25:06,1.05240000,401.47000000,b,l
2026-02-06 05:25:06,1.05260000,37.12500000,b,l
2026-02-06 05:25:06,1.05260000,438.49526000,b,l
2026-02-06 05:25:06,1.05280000,37.12500000,b,l
2026-02-06 05:25:06,1.05290000,2663.69797918,b,l
2026-02-06 05:25:06,1.05300000,37.12500000,b,l
2026-02-06 05:25:06,1.05340000,37.12500000,b,l
2026-02-06 05:25:06,1.05360000,37.12500000,b,l
2026-02-06 05:25:06,1.05380000,37.12500000,b,l
2026-02-06 05:25:06,1.05420000,37.12500000,b,l
2026-02-06 05:25:06,1.05430000,449.35832000,b,l
2026-02-06 05:25:06,1.05440000,37.12500000,b,l
2026-02-06 05:25:06,1.05460000,37.12500000,b,l
2026-02-06 05:25:06,1.05460000,1948.67867735,b,l
2026-02-06 05:25:06,1.05480000,37.12500000,b,l
2026-02-06 05:25:06,1.05500000,37.12500000,b,l
2026-02-06 05:25:06,1.05520000,37.12500000,b,l
2026-02-06 05:25:06,1.05550000,37.12500000,b,l
2026-02-06 05:25:06,1.05570000,37.12500000,b,l
2026-02-06 05:25:06,1.05590000,37.12500000,b,l
2026-02-06 05:25:06,1.05600000,1194.13012616,b,l
2026-02-06 05:25:06,1.05610000,37.12500000,b,l
2026-02-06 05:25:06,1.05610000,2807.58307166,b,l
2026-02-06 05:25:06,1.05610000,2718.74921056,b,l
2026-02-06 05:25:06,1.05630000,37.12500000,b,l
2026-02-06 05:25:06,1.05630000,2731.45234302,b,l
2026-02-06 05:25:06,1.05670000,1055.56375498,b,l
2026-02-06 05:25:06,1.05680000,401.55000000,b,l
2026-02-06 05:25:06,1.05680000,2663.69797918,b,l
2026-02-06 05:25:06,1.05710000,2850.84536196,b,l
2026-02-06 05:25:06,1.05850000,21.34496000,b,l
2026-02-06 05:25:06,1.05920000,4473.37487418,b,l
2026-02-06 05:25:06,1.06010000,1186.34978668,b,l
2026-02-06 05:25:06,1.06370000,535.39000000,b,l
2026-02-06 05:25:06,1.06370000,448.84148389,b,l
2026-02-06 05:25:06,1.06660000,7.13425055,b,l
2026-02-06 05:25:06,1.06840000,629.99601382,b,l
2026-02-06 05:25:06,1.04830000,37.12500000,s,l
2026-02-06 05:25:06,1.04830000,37.12500000,s,l
2026-02-06 05:25:06,1.04830000,116.50302000,s,l
2026-02-06 05:25:06,1.04830000,37.12500000,s,l
2026-02-06 05:25:06,1.04820000,37.12500000,s,l
2026-02-06 05:25:06,1.04800000,37.12500000,s,l
2026-02-06 05:25:06,1.04790000,37.12500000,s,l
2026-02-06 05:25:06,1.04790000,300.00000000,s,l
2026-02-06 05:25:06,1.04780000,37.12500000,s,l
2026-02-06 05:25:06,1.04780000,161.25680000,b,l
2026-02-06 05:25:06,1.04840000,37.05079640,s,l
2026-02-06 05:25:06,1.04900000,116.50302000,s,l
2026-02-06 05:25:06,1.04900000,30.11379700,s,l
2026-02-06 05:25:06,1.04900000,7.01120300,s,l
2026-02-06 05:25:06,1.04890000,37.12500000,s,l
2026-02-06 05:25:06,1.04880000,37.12500000,s,l
2026-02-06 05:25:06,1.04870000,37.12500000,s,l
2026-02-06 05:25:06,1.04870000,68.66370815,s,l
2026-02-06 05:25:07,1.04950000,237.26995733,s,l
2026-02-06 05:25:07,1.04950000,37.12500000,s,l
2026-02-06 05:25:07,1.04950000,297.31441425,s,l
2026-02-06 05:25:07,1.04950000,246.43542786,s,l
2026-02-06 05:25:07,1.04950000,237.26987214,s,l
2026-02-06 05:25:07,1.04950000,0.00008519,s,l
2026-02-06 05:25:07,1.04950000,219.99991481,s,l
2026-02-06 05:25:07,1.04950000,220.00000000,s,l
2026-02-06 05:25:07,1.04950000,60.04460000,s,l
2026-02-06 05:25:07,1.04950000,43.70532730,s,l
2026-02-06 05:25:07,1.04950000,16.33927270,s,l
2026-02-06 05:25:07,1.04950000,17.26990000,s,l
2026-02-06 05:25:07,1.04950000,17.26990000,s,l
2026-02-06 05:25:07,1.04950000,43.70530000,s,l
2026-02-06 05:25:07,1.04950000,142.68558463,s,l
2026-02-06 05:25:07,1.04950000,341.01971537,s,l
2026-02-06 05:25:07,1.04950000,202.73012674,s,l
2026-02-06 05:25:07,1.04950000,237.26995733,s,l
2026-02-06 05:25:07,1.04950000,43.70521593,s,l
2026-02-06 05:25:07,1.04950000,55.27490000,s,l
2026-02-06 05:25:07,1.04950000,297.31450000,s,l
2026-02-06 05:25:07,1.04950000,55.27490000,s,l
2026-02-06 05:25:07,1.04950000,92.18032618,s,l
2026-02-06 05:25:07,1.04950000,39.30947382,s,l
2026-02-06 05:25:07,1.04950000,197.96048351,s,l
2026-02-06 05:25:07,1.04950000,214.29961649,s,l
2026-02-06 05:25:07,1.04950000,120.00000000,s,l
2026-02-06 05:25:07,1.04950000,57.00000000,s,l
2026-02-06 05:25:07,1.04950000,152.45022560,s,l
2026-02-06 05:25:07,1.04850000,33.00000000,s,l
2026-02-06 05:25:14,1.04850000,146.61681700,s,l
2026-02-06 05:25:14,1.04850000,187.04991115,s,l
2026-02-06 05:25:15,1.04850000,146.61681700,s,l
2026-02-06 05:25:15,1.04850000,33.00692345,s,l
2026-02-06 05:25:15,1.04850000,894.67497483,s,l
2026-02-06 05:25:15,1.04850000,561.51661433,s,l
2026-02-06 05:25:15,1.04850000,570.16898739,s,l
2026-02-06 05:25:15,1.04850000,0.00008500,s,l
2026-02-06 05:25:15,1.04850000,146.61671500,s,l
2026-02-06 05:25:15,1.04850000,399.67375360,s,l
2026-02-06 05:25:15,1.04850000,23.87854640,s,l
2026-02-06 05:25:15,1.04850000,122.73810000,s,l
2026-02-06 05:25:18,1.04850000,146.61681700,s,l
2026-02-06 05:25:22,1.04850000,146.61681700,s,l
2026-02-06 05:25:25,1.04860000,19.11132300,b,m
2026-02-06 05:25:26,1.04850000,146.61681700,s,l
2026-02-06 05:25:26,1.04860000,116.50302000,b,l
2026-02-06 05:25:29,1.04850000,146.61681700,s,l
2026-02-06 05:25:30,1.04850000,161.59106043,s,l
2026-02-06 05:25:30,1.04850000,410.66333191,s,l
2026-02-06 05:25:30,1.04850000,150.85328242,s,l
2026-02-06 05:25:30,1.04850000,570.16907239,s,l
2026-02-06 05:25:30,1.04850000,435.33825519,s,l
2026-02-06 05:25:30,1.04850000,110.95221341,s,l
2026-02-06 05:25:30,1.04850000,116.50302000,s,l
2026-02-06 05:25:30,1.04850000,765.96996659,s,l
2026-02-06 05:25:30,1.04850000,128.70500824,s,l
2026-02-06 05:25:30,1.04850000,561.51661433,s,l
2026-02-06 05:25:30,1.04850000,134.83081743,s,l
2026-02-06 05:25:30,1.04850000,435.33825496,s,l
2026-02-06 05:25:30,1.04850000,137.01151745,s,l
2026-02-06 05:25:37,1.04850000,146.61681700,s,l
2026-02-06 05:25:37,1.04850000,262.66213415,s,l
2026-02-06 05:25:37,1.04850000,309.63877949,s,l
2026-02-06 05:25:38,1.04850000,572.30091364,s,l
2026-02-06 05:25:39,1.04850000,12.73528170,s,l
2026-02-06 05:25:39,1.04850000,559.52147472,s,l
2026-02-06 05:25:42,1.04850000,1.99513961,s,l
2026-02-06 05:25:42,1.04850000,116.50302000,s,l
2026-02-06 05:25:42,1.04850000,28.11865739,s,l
2026-02-06 05:25:42,1.04850000,542.05041500,s,l
2026-02-06 05:25:42,1.04850000,30.21210176,s,l
2026-02-06 05:25:47,1.04850000,146.61681700,s,l
2026-02-06 05:25:47,1.04850000,369.46154984,s,l
2026-02-06 05:25:47,1.04850000,202.78871789,s,l
2026-02-06 05:25:48,1.04850000,572.25213430,s,l
2026-02-06 05:25:49,1.04850000,119.63412264,s,l
2026-02-06 05:25:49,1.04850000,452.66849491,s,l
2026-02-06 05:25:49,1.04850000,108.84811942,s,l
2026-02-06 05:25:49,1.04850000,116.50302000,s,l
2026-02-06 05:25:49,1.04850000,346.95147813,s,l
2026-02-06 05:25:52,1.04850000,146.61681700,s,l
2026-02-06 05:25:52,1.04850000,76.60077726,s,l
2026-02-06 05:25:52,1.04780000,116.50302000,s,l
2026-02-06 05:26:05,1.04720000,116.50302000,s,l
2026-02-06 05:26:05,1.04710000,37.12500000,s,l
2026-02-06 05:26:08,1.04700000,573.09325937,s,l
2026-02-06 05:26:13,1.04650000,41.91580000,b,l
2026-02-06 05:26:24,1.04660000,110.45286450,s,l
2026-02-06 05:26:24,1.04660000,6.05015550,s,l
2026-02-06 05:26:47,1.04640000,146.61681700,s,l
2026-02-06 05:27:12,1.04660000,15.71570000,s,l
2026-02-06 05:27:19,1.04770000,19.63490000,b,l
2026-02-06 05:27:25,1.04720000,116.50302000,s,l
2026-02-06 05:28:09,1.04880000,146.61681700,s,l
2026-02-06 05:29:49,1.05030000,9.24380000,b,l
2026-02-06 05:29:49,1.05020000,146.61681700,s,l
2026-02-06 05:30:46,1.04960000,146.61681700,s,l
2026-02-06 05:31:26,1.05140000,7.13580800,s,l
2026-02-06 05:31:47,1.05210000,18.35630000,b,l
2026-02-06 05:34:07,1.05470000,37.12500000,s,l
2026-02-06 05:34:07,1.05460000,626.94007600,s,l
2026-02-06 05:34:07,1.05450000,1338.90802935,s,l
2026-02-06 05:34:07,1.05440000,1117.15000000,s,l
2026-02-06 05:34:07,1.05430000,1766.00926198,s,l
2026-02-06 05:34:12,1.05380000,37.10643750,b,l
2026-02-06 05:34:52,1.05480000,568.82821387,b,l
2026-02-06 05:34:52,1.05480000,948.04702313,b,l
2026-02-06 05:34:52,1.05490000,11.55220263,b,l
2026-02-06 05:34:52,1.05550000,961.41510500,b,l
2026-02-06 05:34:52,1.05560000,37.12500000,b,l
2026-02-06 05:34:52,1.05620000,1056.32379643,b,l
2026-02-06 05:34:52,1.05630000,1510.96817050,b,l
2026-02-06 05:34:52,1.05700000,1432.00000000,b,l
2026-02-06 05:34:52,1.05780000,695.60378400,b,l
2026-02-06 05:34:52,1.05790000,37.12500000,b,l
2026-02-06 05:34:52,1.05930000,37.12500000,b,l
2026-02-06 05:34:52,1.05950000,37.12500000,b,l
2026-02-06 05:34:52,1.06010000,37.12500000,b,l
2026-02-06 05:34:52,1.06030000,37.12500000,b,l
2026-02-06 05:34:52,1.06050000,180.52324000,b,l
2026-02-06 05:34:52,1.06070000,37.12500000,b,l
2026-02-06 05:34:52,1.06080000,438.62720000,b,l
2026-02-06 05:34:52,1.06090000,37.12500000,b,l
2026-02-06 05:34:52,1.06110000,37.12500000,b,l
2026-02-06 05:34:52,1.06110000,220.09058000,b,l
2026-02-06 05:34:52,1.06130000,37.12500000,b,l
2026-02-06 05:34:52,1.06130000,296.14666000,b,l
2026-02-06 05:34:52,1.06170000,29.64252100,b,l
2026-02-06 05:34:52,1.06240000,215.56570654,b,l
2026-02-06 05:34:52,1.06250000,3019.02409246,b,l
2026-02-06 05:34:52,1.06260000,213.43174573,b,l
2026-02-06 05:34:52,1.06310000,239.41713308,b,l
2026-02-06 05:34:52,1.06080000,16.00000000,s,l
2026-02-06 05:34:52,1.06070000,37.12500000,s,l
2026-02-06 05:34:52,1.06010000,37.12500000,s,l
2026-02-06 05:34:52,1.05980000,37.12500000,s,l
2026-02-06 05:34:52,1.05910000,37.12500000,s,l
2026-02-06 05:34:52,1.05900000,37.12500000,s,l
2026-02-06 05:34:52,1.05870000,37.12500000,s,l
2026-02-06 05:34:52,1.05850000,37.12500000,s,l
2026-02-06 05:34:52,1.05830000,37.12500000,s,l
2026-02-06 05:34:52,1.05820000,37.12500000,s,l
2026-02-06 05:34:52,1.05820000,251.73655597,s,l
2026-02-06 05:35:05,1.06050000,146.61681700,s,l
2026-02-06 05:35:05,1.06050000,33.23530000,s,l
2026-02-06 05:35:05,1.06050000,423.95270149,s,l
2026-02-06 05:35:05,1.06050000,141.83031365,s,l
2026-02-06 05:35:06,1.06050000,146.61681700,s,l
2026-02-06 05:35:09,1.06060000,19.44060000,b,l
2026-02-06 05:35:11,1.06050000,146.61681700,s,l
2026-02-06 05:35:11,1.06050000,168.74087080,s,l
2026-02-06 05:35:11,1.06050000,168.74087080,s,l
2026-02-06 05:35:11,1.06050000,435.06394760,s,l
2026-02-06 05:35:11,1.06050000,435.06394760,s,l
2026-02-06 05:35:11,1.06050000,168.74080000,s,l
2026-02-06 05:35:11,1.06050000,0.00007089,s,l
2026-02-06 05:35:11,1.06050000,565.78125128,s,l
2026-02-06 05:35:12,1.06050000,38.02356721,s,l
2026-02-06 05:35:12,1.06050000,0.00000014,s,l
2026-02-06 05:35:16,1.05940000,116.91350000,s,l
2026-02-06 05:35:17,1.05920000,197.59125574,b,l
2026-02-06 05:35:18,1.05910000,116.91350000,s,l
2026-02-06 05:35:20,1.05890000,116.91350000,s,l
2026-02-06 05:35:34,1.05830000,116.91350000,s,l
2026-02-06 05:35:34,1.05790000,37.12500000,s,l
2026-02-06 05:35:34,1.05770000,1027.44150000,s,l
2026-02-06 05:35:34,1.05690000,116.91350000,s,l
2026-02-06 05:35:34,1.05680000,37.12500000,s,l
2026-02-06 05:35:34,1.05660000,37.12500000,s,l
2026-02-06 05:35:34,1.05640000,695.60378400,s,l
2026-02-06 05:35:34,1.05540000,37.12500000,s,l
2026-02-06 05:35:34,1.05500000,196.91000000,s,l
2026-02-06 05:35:34,1.05580000,47.00000000,s,l
2026-02-06 05:35:34,1.05610000,69.91350000,s,l
2026-02-06 05:35:34,1.05610000,37.12500000,s,l
2026-02-06 05:35:34,1.05600000,37.12500000,s,l
2026-02-06 05:35:34,1.05760000,139.96750378,b,l
2026-02-06 05:35:36,1.05720000,344.62537815,b,l
2026-02-06 05:35:43,1.05700000,51.69245376,b,l
2026-02-06 05:35:43,1.05630000,4963.19655324,s,l
2026-02-06 05:35:50,1.05640000,344.34235742,b,l
2026-02-06 05:36:02,1.05740000,388.74080000,b,l
2026-02-06 05:36:02,1.05740000,155.85430000,b,l
2026-02-06 05:36:02,1.05740000,570.79490000,b,l
2026-02-06 05:36:02,1.05750000,97.92350000,b,l
2026-02-06 05:36:02,1.05750000,232.88650000,b,l
2026-02-06 05:36:02,1.05740000,146.77350000,b,l
2026-02-06 05:36:02,1.05740000,871.28160000,b,l
2026-02-06 05:36:02,1.05740000,97.33490000,b,l
2026-02-06 05:36:06,1.05790000,18.27470000,b,l
2026-02-06 05:36:27,1.05730000,116.91350000,s,l
2026-02-06 05:36:27,1.05660000,37.12500000,s,l
2026-02-06 05:36:27,1.05660000,946.35910474,s,l
2026-02-06 05:36:27,1.05650000,82.30239526,s,l
2026-02-06 05:36:27,1.05650000,197.11000000,s,l
2026-02-06 05:36:27,1.05740000,116.91350000,s,l
2026-02-06 05:36:30,1.05530000,197.14000000,s,l
2026-02-06 05:36:30,1.05530000,1182.85000000,s,l
2026-02-06 05:36:30,1.05530000,2398.39185120,s,l
2026-02-06 05:36:30,1.05510000,568.66647711,s,l
2026-02-06 05:36:30,1.05510000,947.77746185,s,l
2026-02-06 05:36:30,1.05510000,37.12500000,s,l
2026-02-06 05:36:34,1.05340000,1059.12194067,s,l
2026-02-06 05:36:34,1.05330000,569.63827969,s,l
2026-02-06 05:36:34,1.05330000,636.54977964,s,l
2026-02-06 05:36:34,1.05330000,197.21000000,s,l
2026-02-06 05:36:41,1.05200000,37.12500000,s,l
2026-02-06 05:36:50,1.05150000,116.91350000,s,l
2026-02-06 05:37:38,1.05390000,9.15810000,b,l
2026-02-06 05:37:46,1.05460000,27.50830000,b,l
2026-02-06 05:38:02,1.05720000,19.55170000,b,l
2026-02-06 05:38:05,1.05680000,9.13910000,b,l
2026-02-06 05:38:11,1.05650000,220.00000000,b,l
2026-02-06 05:38:11,1.05650000,347.91292001,b,l
2026-02-06 05:38:11,1.05650000,312.08707999,b,l
2026-02-06 05:38:11,1.05650000,71.42820000,b,l
2026-02-06 05:38:11,1.05650000,220.00000000,b,l
2026-02-06 05:38:11,1.05650000,220.00000000,b,l
2026-02-06 05:38:35,1.05640000,9.13560000,b,l
2026-02-06 05:39:14,1.05660000,220.00000000,s,l
2026-02-06 05:39:14,1.05660000,220.00000000,s,l
2026-02-06 05:39:14,1.05660000,235.94000000,s,l
2026-02-06 05:39:14,1.05660000,440.00000000,s,l
2026-02-06 05:40:24,1.05430000,569.10337567,s,l
2026-02-06 05:40:50,1.05290000,116.91350000,s,l
2026-02-06 05:41:34,1.05340000,37.12500000,s,l
2026-02-06 05:41:34,1.05330000,312.00000000,s,l
2026-02-06 05:41:40,1.05470000,9.16160000,b,l
2026-02-06 05:41:43,1.05460000,220.00000000,b,l
2026-02-06 05:42:32,1.05520000,19.61650000,b,l
2026-02-06 05:42:33,1.05460000,116.91350000,s,l
2026-02-06 05:42:33,1.05450000,37.12500000,s,l
2026-02-06 05:42:33,1.05450000,39.59118808,s,l
2026-02-06 05:43:02,1.05510000,17.48042390,s,l
2026-02-06 05:43:47,1.05450000,18.32320000,b,l
2026-02-06 05:44:55,1.05630000,36.58400000,b,l
2026-02-06 05:46:31,1.05560000,9.24220000,b,l
2026-02-06 05:46:37,1.05560000,220.00000000,b,l
2026-02-06 05:46:37,1.05560000,119.15490000,b,l
2026-02-06 05:48:09,1.05480000,142.20705346,s,l
2026-02-06 05:48:44,1.05490000,19.59360000,b,l
2026-02-06 05:49:46,1.05530000,220.00000000,b,l
2026-02-06 05:50:36,1.05820000,9.13740000,b,l
2026-02-06 05:51:36,1.05990000,67.32260000,b,l
2026-02-06 05:51:36,1.05990000,220.00000000,b,l
2026-02-06 05:51:36,1.05990000,21.38140000,b,l
2026-02-06 05:51:36,1.05990000,288.83480000,b,l
2026-02-06 05:51:36,1.05990000,53.71490000,b,l
2026-02-06 05:51:36,1.06000000,35.19198400,b,l
2026-02-06 05:51:36,1.06010000,149.61611600,b,l
2026-02-06 05:51:36,1.06010000,193.55440000,b,l
2026-02-06 05:51:36,1.06010000,220.00000000,b,l
2026-02-06 05:51:36,1.06010000,2.81382509,b,l
2026-02-06 05:51:36,1.06010000,217.18617491,b,l
2026-02-06 05:54:50,1.06890000,468.02929870,b,m
2026-02-06 05:54:50,1.06900000,561.27221702,b,m
2026-02-06 05:54:50,1.06900000,935.45369504,b,m
2026-02-06 05:54:50,1.06900000,12.04258841,b,m
2026-02-06 05:54:50,1.06990000,37.12500000,b,m
2026-02-06 05:54:50,1.07000000,1042.60495082,b,m
2026-02-06 05:54:50,1.07000000,871.07627050,b,m
2026-02-06 05:54:50,1.07010000,37.12500000,b,m
2026-02-06 05:54:50,1.07010000,1944.68138380,b,m
2026-02-06 05:55:04,1.06600000,562.86952180,s,l
2026-02-06 05:55:09,1.06330000,17.48042400,s,m
2026-02-06 05:55:52,1.05990000,132.73426300,s,l
2026-02-06 05:55:52,1.05980000,37.12500000,s,l
2026-02-06 05:55:52,1.05980000,200.00983700,s,l
2026-02-06 05:56:46,1.06240000,300.00000000,b,l
2026-02-06 05:58:30,1.06240000,9.09610000,b,l
2026-02-06 05:58:48,1.06220000,564.86597861,s,l
2026-02-06 06:07:09,1.06890000,500.00000000,b,l
2026-02-06 06:07:25,1.07080000,270.76610000,b,l
2026-02-06 06:07:55,1.07020000,194.90000000,b,l
2026-02-06 06:08:09,1.06840000,200.00000000,s,l
2026-02-06 06:08:40,1.06700000,312.00000000,b,l
2026-02-06 06:08:40,1.06710000,158.00000000,b,l
2026-02-06 06:08:43,1.06680000,220.00000000,b,l
2026-02-06 06:08:43,1.06680000,122.42960000,b,l
2026-02-06 06:08:43,1.06680000,220.00000000,b,l
2026-02-06 06:10:26,1.06690000,97.57040000,b,l
2026-02-06 06:13:15,1.06370000,125.65080114,b,l
2026-02-06 06:13:39,1.06670000,37.12500000,b,m
2026-02-06 06:13:39,1.06680000,37.12500000,b,m
2026-02-06 06:13:39,1.06680000,225.75000000,b,m
2026-02-06 06:15:13,1.06420000,19.52360000,b,l
2026-02-06 06:15:31,1.06480000,19.51560000,b,l
2026-02-06 06:18:14,1.06150000,9.09690000,b,l
2026-02-06 06:19:10,1.06140000,19.51610000,b,l
2026-02-06 06:19:45,1.06000000,330.18860000,s,l
2026-02-06 06:19:45,1.06000000,0.00007925,s,l
2026-02-06 06:20:15,1.05860000,37.12500000,b,l
2026-02-06 06:20:15,1.05870000,26.70720000,b,l
2026-02-06 06:20:21,1.05860000,18.92530000,b,l
2026-02-06 06:20:55,1.06040000,19.50450000,b,l
2026-02-06 06:25:10,1.05860000,2.13920000,b,l
2026-02-06 06:25:29,1.05780000,23.91756476,b,m
2026-02-06 06:25:50,1.05670000,19.49640000,b,l
2026-02-06 06:26:06,1.05530000,1115.00000000,s,m
2026-02-06 06:26:06,1.05490000,312.00000000,s,m
2026-02-06 06:26:06,1.05470000,37.12500000,s,m
2026-02-06 06:26:06,1.05440000,37.12500000,s,m
2026-02-06 06:26:06,1.05430000,330.87000000,s,m
2026-02-06 06:26:06,1.05420000,37.12500000,s,m
2026-02-06 06:26:06,1.05400000,37.12500000,s,m
2026-02-06 06:26:06,1.05390000,948.79649222,s,m
2026-02-06 06:26:06,1.05370000,11.90442498,s,m
2026-02-06 06:26:06,1.05360000,37.12500000,s,m
2026-02-06 06:26:06,1.05350000,114.04014000,s,m
2026-02-06 06:26:06,1.05340000,37.12500000,s,m
2026-02-06 06:26:06,1.05340000,554.35140000,s,m
2026-02-06 06:26:06,1.05330000,2299.69794780,s,m
2026-02-06 06:29:27,1.05580000,220.00000000,b,l
2026-02-06 06:29:27,1.05580000,220.00000000,b,l
2026-02-06 06:29:27,1.05580000,110.18860000,b,l
2026-02-06 06:31:04,1.05540000,19.53750000,b,l
2026-02-06 06:31:48,1.05640000,19.53910000,b,l
2026-02-06 06:31:54,1.05600000,9.14770000,b,l
2026-02-06 06:36:12,1.04870000,19.56150000,b,l
2026-02-06 06:37:28,1.04760000,19.55720000,b,l
2026-02-06 06:37:29,1.04650000,9.09610000,s,l
2026-02-06 06:39:11,1.04640000,6.24820900,s,l
2026-02-06 06:41:32,1.04800000,65.58130000,b,l
2026-02-06 06:41:32,1.04800000,0.00001110,b,l
2026-02-06 06:41:40,1.04990000,8.45810000,b,l
2026-02-06 06:41:47,1.04970000,23.85443460,b,m
2026-02-06 06:41:50,1.04950000,571.70080990,b,m
2026-02-06 06:41:50,1.04970000,13.27056540,b,m
2026-02-06 06:41:50,1.04990000,37.12500000,b,m
2026-02-06 06:41:50,1.04990000,477.18069220,b,m
2026-02-06 06:41:50,1.05000000,37.12500000,b,m
2026-02-06 06:41:50,1.05020000,37.12500000,b,m
2026-02-06 06:41:50,1.05030000,37.12500000,b,m
2026-02-06 06:41:50,1.05030000,11.44406568,b,m
2026-02-06 06:41:50,1.05090000,37.12500000,b,m
2026-02-06 06:41:50,1.05090000,169.47727100,b,m
2026-02-06 06:42:28,1.05030000,18.40350000,b,l
2026-02-06 06:44:21,1.04740000,220.00000000,s,l
2026-02-06 06:44:21,1.04660000,116.73758000,s,l
2026-02-06 06:44:24,1.04530000,7.21420630,s,l
2026-02-06 06:44:58,1.04610000,37.12500000,b,l
2026-02-06 06:44:58,1.04620000,37.12500000,b,l
2026-02-06 06:44:58,1.04620000,312.00000000,b,l
2026-02-06 06:44:58,1.04630000,656.48508400,b,l
2026-02-06 06:44:58,1.04640000,222.63291600,b,l
2026-02-06 06:46:06,1.04680000,19.54300000,b,l
2026-02-06 06:49:13,1.04170000,37.12500000,s,l
2026-02-06 06:49:13,1.04160000,37.12500000,s,l
2026-02-06 06:49:13,1.04160000,695.60378400,s,l
2026-02-06 06:49:13,1.04150000,396.98776898,s,l
2026-02-06 06:49:13,1.04150000,37.12500000,s,l
2026-02-06 06:49:13,1.04140000,37.12500000,s,l
2026-02-06 06:49:13,1.04120000,37.12500000,s,l
2026-02-06 06:49:13,1.04100000,37.12500000,s,l
2026-02-06 06:49:13,1.04100000,576.34797413,s,l
2026-02-06 06:49:13,1.04080000,37.12500000,s,l
2026-02-06 06:49:13,1.04080000,576.47342197,s,l
2026-02-06 06:49:13,1.04070000,12.43812440,s,l
2026-02-06 06:49:13,1.04060000,37.12500000,s,l
2026-02-06 06:49:13,1.04040000,37.12500000,s,l
2026-02-06 06:49:13,1.04020000,37.12500000,s,l
2026-02-06 06:49:13,1.04020000,1129.77000000,s,l
2026-02-06 06:49:13,1.04000000,37.12500000,s,l
2026-02-06 06:49:13,1.04000000,116.73758000,s,l
2026-02-06 06:49:13,1.03990000,1072.91521426,s,l
2026-02-06 06:49:13,1.03980000,2395.28169420,s,l
2026-02-06 06:49:13,1.03980000,37.12500000,s,l
2026-02-06 06:49:13,1.03970000,335.45000000,s,l
2026-02-06 06:49:13,1.03960000,1329.08818215,s,l
2026-02-06 06:49:13,1.03940000,37.12500000,s,l
2026-02-06 06:49:13,1.03920000,37.12500000,s,l
2026-02-06 06:49:13,1.03900000,37.12500000,s,l
2026-02-06 06:49:13,1.03880000,37.12500000,s,l
2026-02-06 06:49:13,1.03860000,37.12500000,s,l
2026-02-06 06:49:13,1.03840000,37.12500000,s,l
2026-02-06 06:49:13,1.03830000,1200.19884946,s,l
2026-02-06 06:49:13,1.03820000,37.12500000,s,l
2026-02-06 06:49:13,1.03800000,37.12500000,s,l
2026-02-06 06:49:13,1.03780000,37.12500000,s,l
2026-02-06 06:49:13,1.03780000,402.80000000,s,l
2026-02-06 06:49:13,1.03760000,37.12500000,s,l
2026-02-06 06:49:13,1.03760000,180.49392000,s,l
2026-02-06 06:49:13,1.03740000,37.12500000,s,l
2026-02-06 06:49:13,1.03720000,37.12500000,s,l
2026-02-06 06:49:13,1.03700000,37.12500000,s,l
2026-02-06 06:49:13,1.03690000,3988.34012000,s,l
2026-02-06 06:49:13,1.03680000,37.12500000,s,l
2026-02-06 06:49:13,1.03680000,3533.27496018,s,l
2026-02-06 06:49:13,1.03670000,4790.56338840,s,l
2026-02-06 06:49:13,1.03660000,37.12500000,s,l
2026-02-06 06:49:13,1.03640000,37.12500000,s,l
2026-02-06 06:49:13,1.03640000,1333.29335090,s,l
2026-02-06 06:49:13,1.03630000,432.08884000,s,l
2026-02-06 06:49:13,1.03620000,37.12500000,s,l
2026-02-06 06:49:13,1.03600000,231.08617971,s,l
2026-02-06 06:49:13,1.03600000,37.12500000,s,l
2026-02-06 06:49:13,1.03580000,37.12500000,s,l
2026-02-06 06:49:13,1.03560000,37.12500000,s,l
2026-02-06 06:49:13,1.03540000,287.83444000,s,l
2026-02-06 06:49:13,1.03510000,124.32978647,s,l
2026-02-06 06:49:13,1.03500000,37.12500000,s,l
2026-02-06 06:49:13,1.03500000,4706.91880342,s,l
2026-02-06 06:49:13,1.03500000,426.75260000,s,l
2026-02-06 06:49:13,1.03490000,223.52102000,s,l
2026-02-06 06:49:13,1.03480000,37.12500000,s,l
2026-02-06 06:49:13,1.03460000,37.12500000,s,l
2026-02-06 06:49:13,1.03450000,446.73418000,s,l
2026-02-06 06:49:13,1.03440000,37.12500000,s,l
2026-02-06 06:49:13,1.03420000,37.12500000,s,l
2026-02-06 06:49:13,1.03400000,37.12500000,s,l
2026-02-06 06:49:13,1.03390000,5325.61500789,s,l
2026-02-06 06:49:13,1.03380000,37.12500000,s,l
2026-02-06 06:49:13,1.03360000,37.12500000,s,l
2026-02-06 06:49:13,1.03350000,3897.74112787,s,l
2026-02-06 06:49:13,1.03340000,37.66611500,s,l
2026-02-06 06:49:13,1.03340000,402.56000000,s,l
2026-02-06 06:49:13,1.03340000,37.12500000,s,l
2026-02-06 06:49:13,1.03290000,2849.87256661,s,l
2026-02-06 06:49:35,1.04110000,37.12500000,b,l
2026-02-06 06:49:35,1.04110000,114.99304000,b,l
2026-02-06 06:49:35,1.04120000,34.93187115,b,l
2026-02-06 06:49:38,1.04150000,312.00000000,s,l
2026-02-06 06:50:18,1.04020000,114.99304000,b,l
2026-02-06 06:50:18,1.04020000,72.05687115,b,l
2026-02-06 06:50:18,1.04020000,497.91764217,b,l
2026-02-06 06:50:18,1.04020000,779.54822557,b,l
2026-02-06 06:50:18,1.04020000,114.99304000,b,l
2026-02-06 06:50:18,1.04020000,569.97451332,b,l
2026-02-06 06:50:18,1.04020000,337.13657894,b,l
2026-02-06 06:50:18,1.04020000,440.00000000,b,l
2026-02-06 06:50:18,1.04020000,2.41164663,b,l
2026-02-06 06:50:18,1.04020000,569.97451332,b,l
2026-02-06 06:50:18,1.04020000,439.99994005,b,l
2026-02-06 06:50:18,1.04020000,337.13660000,b,l
2026-02-06 06:50:18,1.04020000,2.41168552,b,l
2026-02-06 06:50:18,1.04020000,217.58831448,b,l
2026-02-06 06:50:18,1.04020000,215.49450000,b,l
2026-02-06 06:50:18,1.04020000,33.74870000,b,l
2026-02-06 06:50:18,1.04020000,103.14299884,b,l
2026-02-06 06:50:18,1.04020000,173.41340116,b,l
2026-02-06 06:50:18,1.04020000,327.16680000,b,l
2026-02-06 06:50:18,1.04020000,259.86999999,b,l
2026-02-06 06:50:18,1.04020000,19.09802442,b,l
2026-02-06 06:50:18,1.04020000,200.90197558,b,l
2026-02-06 06:50:18,1.04020000,220.00000000,b,l
2026-02-06 06:50:18,1.04020000,149.07253774,b,l
2026-02-06 06:50:18,1.04020000,70.92746226,b,l
2026-02-06 06:50:18,1.04020000,220.00000000,b,l
2026-02-06 06:50:18,1.04020000,220.00000000,b,l
2026-02-06 06:50:18,1.04020000,268.62076000,b,l
2026-02-06 06:50:18,1.04020000,0.00000331,b,l
2026-02-06 06:50:26,1.04050000,187.04991115,b,l
2026-02-06 06:50:39,1.04030000,37.12500000,b,l
2026-02-06 06:50:39,1.04040000,37.12500000,b,l
2026-02-06 06:50:39,1.04040000,112.79991115,b,l
2026-02-06 06:50:45,1.04040000,2.19312885,b,l
2026-02-06 06:50:45,1.04040000,184.85678230,b,l
2026-02-06 06:50:48,1.04050000,187.04991115,b,l
2026-02-06 06:50:58,1.04050000,187.04991115,b,l
2026-02-06 06:51:10,1.04050000,187.04991115,b,l
2026-02-06 06:51:12,1.04050000,187.04991115,b,l
2026-02-06 06:51:12,1.04050000,196.66044000,b,l
2026-02-06 06:51:14,1.04150000,187.04991115,b,l
2026-02-06 06:51:16,1.04150000,187.04991115,b,l
2026-02-06 06:51:18,1.04150000,187.04991115,b,l
2026-02-06 06:51:23,1.04150000,187.04991115,b,l
2026-02-06 06:51:27,1.04250000,19.96640000,b,l
2026-02-06 06:51:28,1.04250000,187.04991115,b,l
2026-02-06 06:51:30,1.04290000,187.04991115,b,l
2026-02-06 06:51:30,1.04290000,396.98776898,s,l
2026-02-06 06:51:47,1.04290000,187.04991115,b,l
2026-02-06 06:52:52,1.03860000,200.23000000,s,l
2026-02-06 06:53:44,1.04060000,23.29580000,b,l
2026-02-06 06:54:24,1.04150000,9.27860000,b,l
2026-02-06 06:55:17,1.04040000,9.28750000,b,l
2026-02-06 06:57:11,1.04070000,105.71444000,b,l
2026-02-06 06:57:30,1.04070000,19.11132300,s,m
2026-02-06 06:57:44,1.04180000,37.12500000,b,l
2026-02-06 06:57:44,1.04190000,9.30740000,b,l
2026-02-06 06:57:53,1.04190000,312.00000000,s,l
2026-02-06 06:58:37,1.04170000,9.27420000,b,l
2026-02-06 06:58:40,1.04170000,19.97080000,b,l
2026-02-06 06:59:10,1.04000000,396.98776898,s,l
2026-02-06 06:59:10,1.04000000,311.99993102,s,l
2026-02-06 06:59:10,1.04000000,0.00006898,s,l
2026-02-06 06:59:10,1.03990000,440.00000000,s,l
2026-02-06 06:59:10,1.03990000,136.97855563,s,l
2026-02-06 06:59:10,1.03990000,83.02144437,s,l
2026-02-06 06:59:10,1.03990000,47.59710000,s,l
2026-02-06 06:59:10,1.03990000,220.00000000,s,l
2026-02-06 06:59:10,1.03990000,171.01230000,s,l
2026-02-06 06:59:10,1.03990000,220.00000000,s,l
2026-02-06 06:59:10,1.03990000,220.00000000,s,l
2026-02-06 06:59:10,1.03990000,0.00008168,s,l
2026-02-06 06:59:10,1.03950000,11.67181832,s,l
2026-02-06 06:59:10,1.03950000,0.00011902,s,l
2026-02-06 06:59:10,1.03900000,200.14988098,s,l
2026-02-06 06:59:10,1.03900000,433.39451955,s,l
2026-02-06 06:59:10,1.03900000,818.63409248,s,l
2026-02-06 06:59:10,1.03900000,220.00000000,s,l
2026-02-06 06:59:10,1.03900000,220.00000000,s,l
2026-02-06 06:59:10,1.03900000,220.00000000,s,l
2026-02-06 06:59:11,1.03820000,200.00000000,s,l
2026-02-06 06:59:11,1.03810000,100.00000000,s,l
2026-02-06 06:59:25,1.03840000,9.30100000,b,l
2026-02-06 07:00:02,1.04000000,19.68330000,b,l
2026-02-06 07:00:24,1.03930000,19.60360000,b,l
2026-02-06 07:00:57,1.03760000,66.66814682,s,m
2026-02-06 07:01:13,1.03830000,19.62090000,b,l
2026-02-06 07:02:10,1.03500000,9.32610000,b,l
2026-02-06 07:02:51,1.03530000,52.60580000,b,l
2026-02-06 07:02:52,1.03530000,0.00008746,b,l
2026-02-06 07:04:18,1.03550000,11.73939810,s,l
2026-02-06 07:04:18,1.03540000,312.00000000,s,l
2026-02-06 07:04:22,1.03610000,22.49080000,b,l
2026-02-06 07:04:35,1.03550000,19.98240000,b,l
2026-02-06 07:05:01,1.03540000,9.33600000,b,l
2026-02-06 07:06:39,1.03540000,579.47980505,s,l
2026-02-06 07:06:39,1.03520000,965.95957026,s,l
2026-02-06 07:06:39,1.03500000,37.12500000,s,l
2026-02-06 07:06:39,1.03500000,163.89500000,s,l
2026-02-06 07:07:25,1.03320000,10.79000000,s,l
2026-02-06 07:07:25,1.03320000,301.21000000,s,l
2026-02-06 07:07:25,1.03310000,286.75010000,s,l
2026-02-06 07:07:25,1.03310000,190.80870000,s,l
2026-02-06 07:07:25,1.03310000,220.00000000,s,l
2026-02-06 07:08:09,1.02890000,522.77493400,s,l
2026-02-06 07:08:12,1.02820000,50.29340256,b,l
2026-02-06 07:08:56,1.02790000,66.66814682,b,m
2026-02-06 07:11:06,1.02790000,20.11880000,b,l
2026-02-06 07:11:29,1.02740000,67.40753477,s,m
2026-02-06 07:12:32,1.02770000,22.81060000,b,l
2026-02-06 07:13:23,1.02820000,9.39500000,b,l
2026-02-06 07:13:46,1.02800000,18.80470000,b,l
2026-02-06 07:15:28,1.03070000,19.79350000,b,l
2026-02-06 07:17:29,1.02770000,440.00000000,b,l
2026-02-06 07:17:29,1.02770000,156.19298144,b,l
2026-02-06 07:17:29,1.02780000,220.00000000,b,l
2026-02-06 07:17:29,1.02780000,26.68210000,b,l
2026-02-06 07:17:29,1.02780000,337.08906170,b,l
2026-02-06 07:17:58,1.02840000,312.00000000,s,l
2026-02-06 07:17:58,1.02830000,188.00000000,s,l
2026-02-06 07:18:09,1.02780000,37.12500000,b,l
2026-02-06 07:18:09,1.02790000,273.00100000,b,l
2026-02-06 07:18:17,1.02820000,202.65000000,b,l
2026-02-06 07:18:17,1.02820000,380.89405757,b,l
2026-02-06 07:18:17,1.02820000,37.12500000,b,l
2026-02-06 07:18:17,1.02830000,37.12500000,b,l
2026-02-06 07:18:17,1.02840000,37.12500000,b,l
2026-02-06 07:18:17,1.02840000,113.87888000,b,l
2026-02-06 07:18:17,1.02840000,972.41919409,b,l
2026-02-06 07:18:17,1.02850000,37.12500000,b,l
2026-02-06 07:18:17,1.02940000,11.72714847,b,l
2026-02-06 07:18:17,1.02840000,113.87888000,b,l
2026-02-06 07:18:17,1.02980000,969.13815031,b,l
2026-02-06 07:18:17,1.03090000,15.91900000,b,l
2026-02-06 07:18:17,1.03090000,21.20600000,b,l
2026-02-06 07:18:17,1.03120000,3.79400000,b,l
2026-02-06 07:19:52,1.03070000,155.67988300,b,m
2026-02-06 07:19:53,1.03070000,496.26900000,b,l
2026-02-06 07:19:53,1.03070000,220.00000000,b,l
2026-02-06 07:21:29,1.03450000,67.22441544,s,m
2026-02-06 07:22:00,1.03440000,275.78470000,s,l
2026-02-06 07:22:00,1.03440000,220.00000000,s,l
2026-02-06 07:22:00,1.03440000,84.26170371,s,l
2026-02-06 07:22:00,1.03440000,95.67639629,s,l
2026-02-06 07:23:58,1.03180000,201.66000000,s,l
2026-02-06 07:24:01,1.03310000,19.77420000,b,l
2026-02-06 07:25:04,1.03340000,24.13392684,b,m
2026-02-06 07:28:00,1.03130000,19.73950000,b,l
2026-02-06 07:28:45,1.03400000,28.10580000,b,l
2026-02-06 07:28:57,1.03350000,19.74640000,b,l
2026-02-06 07:29:44,1.03110000,14.05110000,b,l
2026-02-06 07:31:26,1.03270000,67.19833672,s,m
2026-02-06 07:31:30,1.03360000,580.49869865,b,l
2026-02-06 07:31:30,1.03360000,60.34188000,b,l
2026-02-06 07:31:30,1.03360000,967.49226006,b,l
2026-02-06 07:31:30,1.03350000,725.95852090,b,l
2026-02-06 07:31:30,1.03390000,37.12500000,b,l
2026-02-06 07:31:30,1.03390000,396.98776898,b,l
2026-02-06 07:31:30,1.03390000,312.00000000,b,l
2026-02-06 07:31:30,1.03420000,37.12500000,b,l
2026-02-06 07:31:30,1.03360000,39.42340000,b,l
2026-02-06 07:31:30,1.03360000,74.45548000,b,l
2026-02-06 07:31:30,1.03380000,237.54452000,b,l
2026-02-06 07:32:30,1.03250000,435.96388095,s,l
2026-02-06 07:32:33,1.03320000,37.12500000,b,l
2026-02-06 07:32:33,1.03330000,37.12500000,b,l
2026-02-06 07:32:33,1.03330000,113.87888000,b,l
2026-02-06 07:32:33,1.03330000,11.87112000,b,l
2026-02-06 07:33:15,1.03340000,76.37370000,b,l
2026-02-06 07:33:15,1.03340000,183.78470000,b,l
2026-02-06 07:33:15,1.03340000,187.04991115,b,l
2026-02-06 07:33:16,1.03340000,32.70290000,b,l
2026-02-06 07:33:16,1.03340000,220.00000000,b,l
2026-02-06 07:33:23,1.03340000,187.04991115,b,l
2026-02-06 07:33:38,1.03340000,187.04991115,b,l
2026-02-06 07:33:50,1.03270000,1.04080000,s,l
2026-02-06 07:34:46,1.03210000,187.04991115,b,l
2026-02-06 07:34:53,1.03210000,187.04991115,b,l
2026-02-06 07:34:53,1.03210000,220.00000000,b,l
2026-02-06 07:34:53,1.03210000,220.00000000,b,l
2026-02-06 07:34:57,1.03340000,24.18231082,b,m
2026-02-06 07:35:09,1.03220000,187.04991115,b,l
2026-02-06 07:35:22,1.03340000,187.04991115,b,l
2026-02-06 07:37:34,1.03210000,9.35680000,b,l
2026-02-06 07:38:03,1.03210000,187.04991115,b,l
2026-02-06 07:38:12,1.03280000,104.52208000,b,l
2026-02-06 07:40:22,1.03190000,118.75650000,s,l
2026-02-06 07:40:22,1.03190000,361.45160000,s,l
2026-02-06 07:40:22,1.03190000,101.24359105,s,l
2026-02-06 07:40:40,1.03140000,37.12500000,b,l
2026-02-06 07:40:40,1.03140000,12.87500000,b,l
2026-02-06 07:40:56,1.03200000,14.57100000,b,l
2026-02-06 07:41:31,1.03290000,9.35410000,b,l
2026-02-06 07:41:54,1.03560000,37.12500000,s,m
2026-02-06 07:41:54,1.03550000,29.95623245,s,m
2026-02-06 07:42:03,1.03570000,141.45160000,b,l
2026-02-06 07:42:03,1.03570000,220.00000000,b,l
2026-02-06 07:42:03,1.03570000,217.86690388,b,l
2026-02-06 07:42:52,1.03350000,28.05410000,b,l
2026-02-06 07:43:15,1.03410000,19.95550000,b,l
2026-02-06 07:44:28,1.03370000,312.00000000,s,l
2026-02-06 07:44:28,1.03360000,123.48560124,s,l
2026-02-06 07:45:57,1.03550000,1.04720000,b,l
2026-02-06 07:48:02,1.03550000,312.00000000,s,l
2026-02-06 07:49:44,1.03430000,9.34050000,b,l
2026-02-06 07:50:50,1.03050000,38.44180000,b,l
2026-02-06 07:50:51,1.03050000,73.39892722,b,l
2026-02-06 07:55:09,1.02830000,312.00000000,s,l
2026-02-06 07:55:09,1.02820000,125.62067406,s,l
2026-02-06 07:55:31,1.02930000,37.12500000,s,l
2026-02-06 07:55:31,1.02890000,12.61451926,s,l
2026-02-06 07:55:31,1.02880000,189.70548074,s,l
2026-02-06 07:58:01,1.02760000,583.82885553,s,l
2026-02-06 07:58:01,1.02740000,37.12500000,s,l
2026-02-06 07:58:01,1.02740000,396.98776898,s,l
2026-02-06 08:00:21,1.02860000,9.38590000,b,l
2026-02-06 08:00:55,1.02840000,37.12500000,s,m
2026-02-06 08:00:55,1.02830000,396.98776898,s,m
2026-02-06 08:00:55,1.02830000,37.12500000,s,m
2026-02-06 08:00:55,1.02830000,583.48730915,s,m
2026-02-06 08:00:55,1.02830000,972.47884858,s,m
2026-02-06 08:00:55,1.02820000,37.12500000,s,m
2026-02-06 08:00:55,1.02800000,37.12500000,s,m
2026-02-06 08:00:55,1.02800000,819.67557669,s,m
2026-02-06 08:02:44,1.03040000,10.77394446,b,l
2026-02-06 08:05:22,1.03300000,9.35050000,b,l
2026-02-06 08:05:25,1.03360000,220.00000000,b,l
2026-02-06 08:05:26,1.03360000,222.13310000,b,l
2026-02-06 08:05:26,1.03360000,138.36225603,b,l
2026-02-06 08:05:26,1.03360000,747.49224397,b,l
2026-02-06 08:05:26,1.03360000,220.00000000,b,l
2026-02-06 08:05:27,1.03480000,651.01410000,b,l
2026-02-06 08:05:28,1.03480000,116.57190000,b,l
2026-02-06 08:05:28,1.03480000,364.76020000,b,l
2026-02-06 08:05:28,1.03480000,79.92150000,b,l
2026-02-06 08:05:28,1.03480000,84.90200000,b,l
2026-02-06 08:05:28,1.03480000,48.39380000,b,l
2026-02-06 08:05:28,1.03480000,729.30390000,b,l
2026-02-06 08:06:01,1.03460000,19.68300000,b,l
2026-02-06 08:06:39,1.03620000,9.34410000,b,l
2026-02-06 08:07:59,1.03850000,28.88781897,b,m
2026-02-06 08:08:01,1.03750000,200.85000000,s,l
2026-02-06 08:08:01,1.03740000,11.91197917,s,l
2026-02-06 08:08:01,1.03630000,695.60378400,s,l
2026-02-06 08:08:01,1.03610000,37.12500000,s,l
2026-02-06 08:08:01,1.03580000,37.12500000,s,l
2026-02-06 08:08:01,1.03560000,37.12500000,s,l
2026-02-06 08:08:01,1.03540000,37.12500000,s,l
2026-02-06 08:08:01,1.03520000,37.12499993,s,l
2026-02-06 08:08:01,1.03490000,1077.91835786,s,l
2026-02-06 08:08:01,1.03480000,37.12500000,s,l
2026-02-06 08:08:27,1.03620000,4.00000000,s,m
2026-02-06 08:10:04,1.03610000,155.67988300,s,m
2026-02-06 08:10:20,1.03640000,55.92960000,b,l
2026-02-06 08:10:31,1.03640000,37.12500000,b,m
2026-02-06 08:10:31,1.03650000,442.87500000,b,m
2026-02-06 08:12:35,1.03410000,19.72030000,b,l
2026-02-06 08:12:54,1.03360000,200.00000000,s,l
2026-02-06 08:13:04,1.03350000,9.34870000,b,l
2026-02-06 08:13:15,1.03420000,28.81377831,b,l
2026-02-06 08:15:14,1.03280000,24.17699458,b,m
2026-02-06 08:15:41,1.03330000,45.35891125,b,l
2026-02-06 08:15:46,1.03260000,9.34410000,b,l
2026-02-06 08:16:00,1.03250000,19.77480000,b,l
2026-02-06 08:16:48,1.02880000,9.38320000,b,l
2026-02-06 08:16:50,1.02770000,312.00000000,s,m
2026-02-06 08:16:50,1.02760000,11.96108905,s,m
2026-02-06 08:16:50,1.02760000,35.55218295,s,m
2026-02-06 08:18:35,1.02730000,19.82480000,b,l
2026-02-06 08:18:48,1.02870000,37.12500000,b,m
2026-02-06 08:18:48,1.02880000,30.28253477,b,m
2026-02-06 08:19:46,1.02810000,116.11710000,s,l
2026-02-06 08:19:46,1.02810000,0.00000923,s,l
2026-02-06 08:19:49,1.02580000,12.16040000,s,l
2026-02-06 08:19:49,1.02580000,0.00003602,s,l
2026-02-06 08:19:49,1.02480000,12.35838794,s,l
2026-02-06 08:19:50,1.02510000,585.26823644,s,l
2026-02-06 08:19:50,1.02500000,74.73176356,s,l
2026-02-06 08:19:53,1.02370000,37.12500000,s,l
2026-02-06 08:19:53,1.02370000,37.12500000,s,l
2026-02-06 08:19:53,1.02360000,37.12500000,s,l
2026-02-06 08:19:53,1.02360000,312.00000000,s,l
2026-02-06 08:22:42,1.03170000,9.37590000,b,l
2026-02-06 08:25:50,1.03160000,214.14550000,b,l
2026-02-06 08:27:05,1.03260000,12.16030000,b,l
2026-02-06 08:27:23,1.03130000,268.98770000,s,l
2026-02-06 08:27:23,1.03130000,312.00000000,s,l
2026-02-06 08:27:23,1.03090000,970.00308742,s,l
2026-02-06 08:27:23,1.03000000,12.26532496,s,l
2026-02-06 08:27:23,1.02940000,220.00000000,s,l
2026-02-06 08:27:23,1.02940000,45.26890000,s,l
2026-02-06 08:27:23,1.03000000,572.84970000,s,l
2026-02-06 08:27:23,1.03000000,9.63802441,s,l
2026-02-06 08:27:23,1.02940000,135.79760000,s,l
2026-02-06 08:27:23,1.02940000,70.97740000,s,l
2026-02-06 08:27:24,1.02920000,11.93058377,s,l
2026-02-06 08:28:28,1.03110000,191.39910000,s,l
2026-02-06 08:28:29,1.03110000,134.37470000,s,l
2026-02-06 08:28:29,1.03110000,447.52510741,s,l
2026-02-06 08:29:49,1.02800000,67.22441544,b,m
2026-02-06 08:30:05,1.02880000,18.81300000,b,l
2026-02-06 08:30:56,1.02570000,19.76160000,b,l
2026-02-06 08:31:04,1.02420000,3.88639900,s,l
2026-02-06 08:31:15,1.02550000,18.82660000,b,l
2026-02-06 08:32:40,1.02500000,51.23780000,b,l
2026-02-06 08:32:48,1.02500000,0.00000199,b,m
2026-02-06 08:32:48,1.02630000,67.19833473,b,m
2026-02-06 08:35:49,1.02500000,67.08123245,b,m
2026-02-06 08:38:04,1.03030000,19.76960000,b,l
2026-02-06 08:38:41,1.03050000,19.75690000,b,l
2026-02-06 08:40:53,1.02730000,9.39780000,b,l
2026-02-06 08:42:39,1.02540000,9.42530000,b,l
2026-02-06 08:43:03,1.02470000,119.62360000,s,l
2026-02-06 08:43:03,1.02470000,220.00000000,s,l
2026-02-06 08:43:03,1.02470000,57.36416898,s,l
2026-02-06 08:43:03,1.02460000,145.59430000,s,l
2026-02-06 08:43:14,1.02430000,14.53860000,b,l
2026-02-06 08:44:04,1.02730000,101.38880000,b,l
2026-02-06 08:44:04,1.02730000,482.66649056,b,l
2026-02-06 08:44:04,1.02730000,273.91318306,b,l
2026-02-06 08:45:25,1.02730000,274.59530000,b,l
2026-02-06 08:45:25,1.02740000,583.99844267,b,l
2026-02-06 08:45:25,1.02740000,918.87655733,b,l
2026-02-06 08:45:25,1.02740000,54.45418040,b,l
2026-02-06 08:48:31,1.03250000,201.78000000,b,l
2026-02-06 08:48:31,1.03250000,379.33380145,b,l
2026-02-06 08:48:31,1.03260000,968.47609190,b,l
2026-02-06 08:49:18,1.03400000,19.72850000,b,l
2026-02-06 08:51:26,1.03340000,9.34960000,b,l
2026-02-06 08:56:09,1.03290000,201.66000000,s,l
2026-02-06 09:01:23,1.03080000,52.56926446,b,l
2026-02-06 09:02:14,1.03280000,28.05140000,b,l
2026-02-06 09:10:14,1.02790000,5.58800000,s,m
2026-02-06 09:10:41,1.02830000,220.00000000,s,l
2026-02-06 09:12:54,1.02640000,122.54390000,b,l
2026-02-06 09:14:03,1.02680000,9.40970000,b,l
2026-02-06 09:15:14,1.02600000,312.00000000,s,l
2026-02-06 09:15:14,1.02600000,396.98776898,s,l
2026-02-06 09:15:14,1.02600000,584.79532163,s,l
2026-02-06 09:15:14,1.02600000,817.68477939,s,l
2026-02-06 09:15:14,1.02600000,156.97409000,s,l
2026-02-06 09:22:32,1.02810000,18.81750000,b,l
2026-02-06 09:24:30,1.03310000,18.69730000,b,l
2026-02-06 09:25:41,1.03170000,9.36500000,b,l
2026-02-06 09:25:57,1.03100000,5.81950000,s,l
2026-02-06 09:26:02,1.03100000,0.00009200,s,l
2026-02-06 09:27:30,1.03190000,9.36500000,s,l
2026-02-06 09:27:55,1.03370000,98.05910000,b,l
2026-02-06 09:30:27,1.03290000,18.08140000,b,l
2026-02-06 09:30:51,1.03350000,2.94163700,s,l
2026-02-06 09:35:00,1.04410000,19.82610000,b,l
2026-02-06 09:35:48,1.04690000,5.81959300,s,m
2026-02-06 09:36:30,1.04590000,19.76060000,b,l
2026-02-06 09:37:10,1.04300000,9.26350000,b,l
2026-02-06 09:41:04,1.04450000,86.37727684,b,l
2026-02-06 09:44:13,1.04720000,9.22550000,b,l
2026-02-06 09:46:15,1.04570000,4828.30071677,s,l
2026-02-06 09:46:15,1.04570000,53.47920000,s,l
2026-02-06 09:46:15,1.04570000,483.04747159,s,l
2026-02-06 09:46:30,1.04480000,484.41880000,s,l
2026-02-06 09:49:06,1.05420000,603.64290000,s,l
2026-02-06 09:49:06,1.05420000,278.74710000,s,l
2026-02-06 09:49:09,1.05300000,197.74000000,s,l
2026-02-06 09:50:21,1.05440000,54.46350000,b,l
2026-02-06 09:50:21,1.05440000,0.00004026,b,l
2026-02-06 09:50:36,1.05690000,28.45220030,b,m
2026-02-06 09:50:38,1.05670000,37.12500000,b,l
2026-02-06 09:50:58,1.05660000,45.71700000,b,l
2026-02-06 09:52:26,1.05480000,379.21880925,b,m
2026-02-06 09:55:35,1.05480000,97.81170000,b,l
2026-02-06 10:01:57,1.05720000,514.25000000,b,l
2026-02-06 10:01:57,1.05720000,53.32275621,b,l
2026-02-06 10:02:12,1.05500000,37.12500000,b,l
2026-02-06 10:02:12,1.05500000,37.12500000,b,l
2026-02-06 10:02:14,1.05640000,37.12500000,b,l
2026-02-06 10:02:14,1.05670000,567.80543200,b,l
2026-02-06 10:02:14,1.05670000,946.34238667,b,l
2026-02-06 10:02:14,1.05680000,37.12500000,b,l
2026-02-06 10:02:47,1.05560000,37.12500000,s,l
2026-02-06 10:02:47,1.05540000,37.12500000,s,l
2026-02-06 10:02:47,1.05530000,160.25500000,s,l
2026-02-06 10:02:47,1.05530000,787.26754189,s,l
2026-02-06 10:02:47,1.05490000,37.12500000,s,l
2026-02-06 10:02:47,1.05470000,37.12500000,s,l
2026-02-06 10:02:47,1.05450000,37.12500000,s,l
2026-02-06 10:03:08,1.05410000,36.61520000,b,l
2026-02-06 10:06:07,1.05340000,14.22660000,s,l
2026-02-06 10:08:52,1.05620000,37.12500000,b,l
2026-02-06 10:08:52,1.05620000,59.68220000,b,l
2026-02-06 10:08:53,1.05620000,97.71140000,b,l
2026-02-06 10:12:38,1.05150000,123.28910000,s,l
2026-02-06 10:12:38,1.05150000,51.86140000,s,l
2026-02-06 10:12:38,1.05150000,259.25730000,s,l
2026-02-06 10:12:38,1.05150000,146.64330000,s,l
2026-02-06 10:12:38,1.05150000,144.78449040,s,l
2026-02-06 10:15:51,1.05840000,1.19170000,b,l
2026-02-06 10:17:52,1.06280000,9.09520000,b,l
2026-02-06 10:19:55,1.06420000,96.94290000,b,l
2026-02-06 10:19:59,1.06540000,96.11800000,b,l
2026-02-06 10:20:31,1.06540000,89.36781230,b,l
2026-02-06 10:20:31,1.06540000,130.63218770,b,l
2026-02-06 10:27:37,1.06380000,154.40050000,b,l
2026-02-06 10:27:48,1.06380000,62.27674375,b,l
2026-02-06 10:31:32,1.06150000,97.26850000,b,l
2026-02-06 10:31:33,1.06180000,96.35930000,b,l
2026-02-06 10:31:40,1.06180000,18.20410000,b,l
2026-02-06 10:32:52,1.06360000,9.08320000,b,l
2026-02-06 10:32:52,1.06360000,92.48700000,b,l
2026-02-06 10:40:42,1.06120000,196.11000000,s,l
2026-02-06 10:42:28,1.06080000,37.12500000,s,l
2026-02-06 10:42:28,1.06050000,159.08500000,s,l
2026-02-06 10:43:24,1.06200000,18.19730000,b,l
2026-02-06 10:44:49,1.06160000,97.26500000,b,l
2026-02-06 10:44:50,1.06160000,96.32950000,b,l
2026-02-06 10:48:38,1.06110000,19.52030000,b,l
2026-02-06 10:48:42,1.06110000,77.74552000,b,l
2026-02-06 10:49:09,1.06160000,37.12500000,s,l
2026-02-06 10:49:09,1.06150000,312.00000000,s,l
2026-02-06 10:55:05,1.06230000,11.88630000,b,l
2026-02-06 10:55:05,1.06230000,0.00004803,b,l
2026-02-06 10:56:21,1.06180000,96.30040000,b,l
2026-02-06 10:56:21,1.06190000,97.20910000,b,l
2026-02-06 10:57:15,1.06220000,19.50140000,b,l
2026-02-06 10:58:29,1.06280000,37.12500000,s,l
2026-02-06 10:59:33,1.06290000,19.46300000,b,l
2026-02-06 11:05:27,1.06320000,37.12500000,s,l
2026-02-06 11:05:27,1.06310000,312.00000000,s,l
2026-02-06 11:05:27,1.06300000,145.56950000,s,l
2026-02-06 11:05:29,1.06360000,97.01620000,b,l
2026-02-06 11:05:55,1.06330000,37.12500000,b,l
2026-02-06 11:07:47,1.06260000,97.14740000,b,l
2026-02-06 11:07:48,1.06310000,37.12500000,b,l
2026-02-06 11:07:48,1.06350000,59.12000000,b,l
2026-02-06 11:08:47,1.06260000,37.12500000,s,l
2026-02-06 11:10:40,1.06270000,37.12500000,s,l
2026-02-06 11:11:28,1.06470000,37.12500000,b,l
2026-02-06 11:11:28,1.06470000,58.87040000,b,l
2026-02-06 11:12:47,1.06420000,19.43720000,b,l
2026-02-06 11:13:33,1.06420000,8.01102800,b,l
2026-02-06 11:17:05,1.06610000,98.28830000,b,l
2026-02-06 11:17:05,1.06700000,167.18080000,b,l
2026-02-06 11:17:55,1.06460000,37.12500000,b,l
2026-02-06 11:17:55,1.06470000,59.89800000,b,l
2026-02-06 11:19:04,1.06260000,9.09350000,b,l
2026-02-06 11:19:55,1.06380000,9.08320000,b,l
2026-02-06 11:22:09,1.06180000,8.89270000,b,l
2026-02-06 11:24:01,1.06580000,96.88870000,b,l
2026-02-06 11:24:27,1.06530000,101.00000000,b,l
2026-02-06 11:32:14,1.06610000,9.06530000,b,l
2026-02-06 11:32:42,1.06580000,37.12500000,s,l
2026-02-06 11:32:42,1.06570000,563.00407948,s,l
2026-02-06 11:32:42,1.06550000,37.12500000,s,l
2026-02-06 11:32:42,1.06550000,312.00000000,s,l
2026-02-06 11:32:42,1.06550000,50.74592052,s,l
2026-02-06 11:32:59,1.06710000,562.27157717,s,l
2026-02-06 11:32:59,1.06710000,736.47840083,s,l
2026-02-06 11:33:53,1.06580000,58.03499668,s,l
2026-02-06 11:33:53,1.06590000,37.12500000,s,l
2026-02-06 11:34:42,1.06660000,96.76590000,b,l
2026-02-06 11:34:53,1.06620000,562.74620146,b,l
2026-02-06 11:34:53,1.06630000,37.12500000,b,l
2026-02-06 11:34:53,1.06640000,158.22500000,b,l
2026-02-06 11:34:53,1.06640000,404.41566016,b,l
2026-02-06 11:34:53,1.06650000,176.69698000,b,l
2026-02-06 11:34:53,1.06660000,37.12500000,b,l
2026-02-06 11:35:16,1.06770000,95.75930000,b,l
2026-02-06 11:35:38,1.06780000,37.12500000,s,l
2026-02-06 11:37:21,1.06530000,37.12500000,b,l
2026-02-06 11:37:21,1.06540000,59.57740000,b,l
2026-02-06 11:41:15,1.06620000,4.76717195,b,l
2026-02-06 11:41:19,1.06650000,5.41492249,b,l
2026-02-06 11:41:24,1.06590000,5.63184075,b,l
2026-02-06 11:41:25,1.06570000,5.25833512,b,l
2026-02-06 11:41:26,1.06570000,4.95785883,b,l
2026-02-06 11:41:33,1.06580000,5.52225592,b,l
2026-02-06 11:41:36,1.06600000,4.58402677,b,l
2026-02-06 11:41:37,1.06600000,5.00649333,b,l
2026-02-06 11:41:38,1.06600000,5.15610584,b,l
2026-02-06 11:41:41,1.06600000,4.86142405,b,l
2026-02-06 11:41:42,1.06600000,4.62909837,b,l
2026-02-06 11:41:46,1.06600000,5.30982433,b,l
2026-02-06 11:41:48,1.06600000,4.81402748,b,l
