timestamp,price,volume,side,type
2026-02-05 21:37:02,0.000005921000,2089642.33000,s,l
2026-02-05 21:37:52,0.000005920000,16891891.89190,s,l
2026-02-05 21:38:11,0.000005921000,1000000.00000,s,l
2026-02-05 21:38:39,0.000005926000,524424.85700,b,l
2026-02-05 21:39:05,0.000005931000,1000000.00000,s,l
2026-02-05 21:39:05,0.000005931000,89000.00000,s,l
2026-02-05 21:39:15,0.000005932000,12503000.00000,s,l
2026-02-05 21:39:15,0.000005932000,4354000.00000,s,l
2026-02-05 21:39:20,0.000005933000,16854879.48761,s,l
2026-02-05 21:39:53,0.000005937000,524424.85700,b,l
2026-02-05 21:40:01,0.000005937000,475575.14300,b,l
2026-02-05 21:40:03,0.000005952000,500000.00000,b,m
2026-02-05 21:40:06,0.000005947000,1000000.00000,b,l
2026-02-05 21:40:12,0.000005947000,524424.85700,b,l
2026-02-05 21:40:15,0.000005947000,1000000.00000,b,l
2026-02-05 21:40:23,0.000005937000,299390.00000,s,l
2026-02-05 21:40:43,0.000005937000,524424.85700,b,l
2026-02-05 21:41:15,0.000005936000,524424.85700,b,l
2026-02-05 21:41:33,0.000005946000,524424.85700,b,l
2026-02-05 21:41:35,0.000005945000,21026000.00000,b,l
2026-02-05 21:41:35,0.000005945000,72.32968,b,l
2026-02-05 21:41:35,0.000005946000,143476927.67032,b,l
2026-02-05 21:41:36,0.000005942000,1230800.31215,s,m
2026-02-05 21:41:36,0.000005942000,5581187.67673,s,m
2026-02-05 21:41:36,0.000005942000,2609954.33700,s,m
2026-02-05 21:42:01,0.000005953000,15099137.00000,s,l
2026-02-05 21:42:03,0.000005953000,16798000.00000,s,l
2026-02-05 21:42:14,0.000005949000,524424.85700,b,l
2026-02-05 21:42:38,0.000005957000,524000.00000,b,l
2026-02-05 21:42:50,0.000005947000,1000000.00000,b,l
2026-02-05 21:43:01,0.000005955000,524424.85700,b,l
2026-02-05 21:43:10,0.000005941000,1000000.00000,s,l
2026-02-05 21:43:10,0.000005941000,5142930.54158,s,l
2026-02-05 21:43:10,0.000005940000,168327668.57208,s,l
2026-02-05 21:43:21,0.000005941000,1000000.00000,s,l
2026-02-05 21:43:33,0.000005936000,524424.85700,b,l
2026-02-05 21:43:57,0.000005914000,38500000.00000,s,l
2026-02-05 21:43:57,0.000005914000,38500000.00000,s,l
2026-02-05 21:43:57,0.000005914000,92068674.99260,s,l
2026-02-05 21:44:25,0.000005896000,524424.85700,b,l
2026-02-05 21:44:32,0.000005883000,1273842.46276,s,m
2026-02-05 21:44:32,0.000005883000,5222157.53724,s,m
2026-02-05 21:44:32,0.000005882000,2925942.32588,s,m
2026-02-05 21:44:48,0.000005905000,93798000.00000,b,l
2026-02-05 21:44:48,0.000005906000,21164917.03352,b,l
2026-02-05 21:45:15,0.000005915000,524424.85700,b,l
2026-02-05 21:45:20,0.000005907000,1000000.00000,b,l
2026-02-05 21:45:22,0.000005907000,1000000.00000,b,l
2026-02-05 21:45:22,0.000005910000,20899488.41999,b,l
2026-02-05 21:45:50,0.000005927000,1000000.00000,b,l
2026-02-05 21:45:56,0.000005917000,1000000.00000,b,l
2026-02-05 21:45:57,0.000005923000,524424.85700,b,l
2026-02-05 21:46:08,0.000005917000,1000000.00000,b,l
2026-02-05 21:46:26,0.000005906000,1000000.00000,s,l
2026-02-05 21:46:29,0.000005900000,524424.85700,b,l
2026-02-05 21:46:33,0.000005897000,1000000.00000,b,l
2026-02-05 21:47:00,0.000005927000,1000000.00000,b,l
2026-02-05 21:47:11,0.000005949000,524424.85700,b,l
2026-02-05 21:47:15,0.000005940000,2184620.05634,s,l
2026-02-05 21:47:30,0.000005931000,524424.85700,b,l
2026-02-05 21:47:53,0.000005927000,1000000.00000,b,l
2026-02-05 21:48:01,0.000005928000,524424.85700,b,l
2026-02-05 21:48:08,0.000005925000,38500000.00000,b,l
2026-02-05 21:48:11,0.000005938000,1000000.00000,b,l
2026-02-05 21:48:25,0.000005928000,1000000.00000,b,l
2026-02-05 21:48:30,0.000005926000,6496000.00000,b,l
2026-02-05 21:48:30,0.000005926000,9641833.00000,b,l
2026-02-05 21:48:54,0.000005924000,524424.85700,b,l
2026-02-05 21:48:56,0.000005920000,152027027.02702,b,l
2026-02-05 21:49:01,0.000005918000,1000000.00000,b,l
2026-02-05 21:49:12,0.000005905000,524424.85700,b,l
2026-02-05 21:49:21,0.000005902000,566000.00000,b,l
2026-02-05 21:49:29,0.000005902000,524424.85700,b,l
2026-02-05 21:49:34,0.000005902000,475575.14300,b,l
2026-02-05 21:50:30,0.000005886000,524424.85700,b,l
2026-02-05 21:50:35,0.000005881000,1000000.00000,s,l
2026-02-05 21:50:35,0.000005881000,17003910.89950,s,l
2026-02-05 21:50:38,0.000005887000,524000.00000,b,l
2026-02-05 21:50:44,0.000005894000,17003910.89999,b,l
2026-02-05 21:50:44,0.000005895000,849842498.55263,b,l
2026-02-05 21:50:47,0.000005893000,16969285.59307,s,l
2026-02-05 21:50:47,0.000005893000,133268215.85430,s,l
2026-02-05 21:51:01,0.000005897000,1000000.00000,b,l
2026-02-05 21:51:02,0.000005901000,1000000.00000,s,l
2026-02-05 21:51:06,0.000005897000,1000000.00000,b,l
2026-02-05 21:51:15,0.000005897000,1000000.00000,b,l
2026-02-05 21:51:27,0.000005902000,16943409.01389,s,l
2026-02-05 21:51:33,0.000005896000,1000000.00000,s,l
2026-02-05 21:52:05,0.000005891000,1000000.00000,s,l
2026-02-05 21:52:24,0.000005881000,1000000.00000,s,l
2026-02-05 21:52:40,0.000005870000,21294718.90971,b,l
2026-02-05 21:52:48,0.000005867000,524424.85700,b,l
2026-02-05 21:53:02,0.000005871000,1000000.00000,s,m
2026-02-05 21:53:02,0.000005871000,2353454.05768,s,m
2026-02-05 21:53:05,0.000005867000,1000000.00000,b,l
2026-02-05 21:53:15,0.000005867000,1000000.00000,b,l
2026-02-05 21:53:15,0.000005871000,1000000.00000,s,l
2026-02-05 21:53:25,0.000005871000,1000000.00000,s,l
2026-02-05 21:53:26,0.000005864000,17053000.00000,s,l
2026-02-05 21:53:33,0.000005867000,1000000.00000,b,l
2026-02-05 21:53:59,0.000005861000,1000000.00000,s,l
2026-02-05 21:54:12,0.000005864000,524424.85700,b,l
2026-02-05 21:54:14,0.000005861000,16406000.00000,s,l
2026-02-05 21:54:31,0.000005867000,1000000.00000,b,l
2026-02-05 21:54:46,0.000005881000,1000000.00000,s,l
2026-02-05 21:54:53,0.000005882000,524424.85700,b,l
2026-02-05 21:55:59,0.000005876000,524424.85700,b,l
2026-02-05 21:56:03,0.000005873000,3403675.97005,b,m
2026-02-05 21:56:31,0.000005862000,4041000.00000,s,l
2026-02-05 21:56:42,0.000005861000,756.52619,s,l
2026-02-05 21:56:47,0.000005855000,31943065.00000,s,l
2026-02-05 21:56:53,0.000005851000,524424.85700,b,l
2026-02-05 21:57:00,0.000005847000,941000.00000,b,l
2026-02-05 21:57:01,0.000005852000,1000000.00000,b,l
2026-02-05 21:57:19,0.000005876000,6496000.00000,s,l
2026-02-05 21:57:19,0.000005875000,6496000.00000,s,l
2026-02-05 21:57:19,0.000005875000,7458000.95000,s,l
2026-02-05 21:58:12,0.000005874000,452134.00000,b,l
2026-02-05 21:58:14,0.000005874000,524424.85700,b,l
2026-02-05 21:58:45,0.000005881000,1000000.00000,b,l
2026-02-05 21:58:46,0.000005881000,1000000.00000,b,l
2026-02-05 21:58:59,0.000005881000,1000000.00000,b,l
2026-02-05 21:59:41,0.000005886000,1000000.00000,b,l
2026-02-05 22:00:02,0.000005890000,1000000.00000,s,l
2026-02-05 22:00:07,0.000005886000,1000000.00000,b,l
2026-02-05 22:00:08,0.000005890000,1000000.00000,s,l
2026-02-05 22:00:14,0.000005891000,1000000.00000,b,l
2026-02-05 22:00:14,0.000005898000,4677210.00000,b,l
2026-02-05 22:00:18,0.000005900000,524424.85700,b,l
2026-02-05 22:00:23,0.000005891000,1000000.00000,b,l
2026-02-05 22:00:42,0.000005896000,524424.85700,b,l
2026-02-05 22:01:07,0.000005911000,2492119.57000,s,l
2026-02-05 22:01:23,0.000005900000,1000000.00000,s,l
2026-02-05 22:01:29,0.000005908000,524424.85700,b,l
2026-02-05 22:01:40,0.000005886000,1000000.00000,b,l
2026-02-05 22:01:40,0.000005889000,21226014.60349,b,l
2026-02-05 22:01:40,0.000005890000,6496000.00000,b,l
2026-02-05 22:01:50,0.000005897000,524424.85700,b,l
2026-02-05 22:01:57,0.000005896000,1000000.00000,b,l
2026-02-05 22:01:59,0.000005901000,1000000.00000,b,l
2026-02-05 22:02:09,0.000005896000,524424.85700,b,l
2026-02-05 22:02:25,0.000005896000,524424.85700,b,l
2026-02-05 22:02:42,0.000005891000,524424.85700,b,l
2026-02-05 22:02:59,0.000005886000,524424.85700,b,l
2026-02-05 22:03:06,0.000005886000,1000000.00000,b,l
2026-02-05 22:03:18,0.000005886000,1000000.00000,b,l
2026-02-05 22:03:35,0.000005918000,524424.85700,b,l
2026-02-05 22:03:49,0.000005892000,192625.34000,s,l
2026-02-05 22:04:04,0.000005885000,524424.85700,b,l
2026-02-05 22:04:17,0.000005886000,1000000.00000,b,l
2026-02-05 22:04:37,0.000005896000,524424.85700,b,l
2026-02-05 22:04:53,0.000005896000,524424.85700,b,l
2026-02-05 22:05:10,0.000005896000,870000.00000,b,l
2026-02-05 22:05:22,0.000005899000,1000000.00000,s,l
2026-02-05 22:05:29,0.000005906000,176667.79000,b,l
2026-02-05 22:05:33,0.000005899000,524424.85700,b,l
2026-02-05 22:05:36,0.000005900000,14118000.00000,s,l
2026-02-05 22:06:04,0.000005886000,524424.85700,b,l
2026-02-05 22:06:09,0.000005881000,17003000.00000,s,l
2026-02-05 22:06:09,0.000005881000,910.89950,s,l
2026-02-05 22:06:09,0.000005880000,7378089.10050,s,l
2026-02-05 22:06:09,0.000005880000,38500000.00000,s,l
2026-02-05 22:06:23,0.000005884000,524424.85700,b,l
2026-02-05 22:06:39,0.000005891000,524000.00000,b,l
2026-02-05 22:06:40,0.000005894000,524424.85700,b,l
2026-02-05 22:07:11,0.000005870000,38500000.00000,s,l
2026-02-05 22:07:11,0.000005870000,16357000.00000,s,l
2026-02-05 22:07:11,0.000005870000,38500000.00000,s,l
2026-02-05 22:07:11,0.000005870000,38500000.00000,s,l
2026-02-05 22:07:12,0.000005870000,38500000.00000,s,l
2026-02-05 22:07:28,0.000005876000,524424.85700,b,l
2026-02-05 22:07:32,0.000005882000,170021721.60077,b,l
2026-02-05 22:07:32,0.000005884000,6496000.00000,b,l
2026-02-05 22:07:32,0.000005885000,6496000.00000,b,l
2026-02-05 22:07:32,0.000005886000,6496000.00000,b,l
2026-02-05 22:07:52,0.000005869000,1000000.00000,s,l
2026-02-05 22:08:00,0.000005871000,1460674.15730,b,l
2026-02-05 22:08:10,0.000005866000,1000000.00000,b,l
2026-02-05 22:08:13,0.000005873000,68130000.00000,s,l
2026-02-05 22:08:22,0.000005859000,1000000.00000,s,l
2026-02-05 22:08:29,0.000005866000,1000000.00000,b,l
2026-02-05 22:08:42,0.000005886000,1000000.00000,b,l
2026-02-05 22:08:42,0.000005886000,15357000.00000,b,l
2026-02-05 22:08:48,0.000005881000,4189250.31000,s,m
2026-02-05 22:08:49,0.000005886000,1000000.00000,b,l
2026-02-05 22:08:55,0.000005926000,1000000.00000,b,l
2026-02-05 22:09:06,0.000005926000,1000000.00000,b,l
2026-02-05 22:09:13,0.000005934000,7600000.00000,b,l
2026-02-05 22:09:13,0.000005934000,7600000.00000,b,l
2026-02-05 22:09:13,0.000005934000,7600000.00000,b,l
2026-02-05 22:09:16,0.000005922000,38500000.00000,s,l
2026-02-05 22:09:16,0.000005922000,130361870.98953,s,l
2026-02-05 22:09:23,0.000005916000,1000000.00000,b,l
2026-02-05 22:09:25,0.000005916000,1000000.00000,b,l
2026-02-05 22:09:29,0.000005948000,524424.85700,b,l
2026-02-05 22:09:45,0.000005926000,1000000.00000,b,l
2026-02-05 22:09:49,0.000005948000,21015467.38399,b,l
2026-02-05 22:09:49,0.000005948000,17484532.61601,b,l
2026-02-05 22:09:49,0.000005948000,38500000.00000,b,l
2026-02-05 22:09:49,0.000005948000,73639000.00000,b,l
2026-02-05 22:09:49,0.000005948000,38500000.00000,b,l
2026-02-05 22:09:49,0.000005948000,206.45594,b,l
2026-02-05 22:09:53,0.000005950000,524424.85700,b,l
2026-02-05 22:10:00,0.000005946000,1000000.00000,b,l
2026-02-05 22:10:07,0.000005959000,1000000.00000,s,l
2026-02-05 22:10:12,0.000005954000,524424.85700,b,l
2026-02-05 22:10:30,0.000005928000,524424.85700,b,l
2026-02-05 22:10:46,0.000005926000,1000000.00000,b,l
2026-02-05 22:10:46,0.000005936000,524424.85700,b,l
2026-02-05 22:11:23,0.000005915000,169061707.52324,b,l
2026-02-05 22:11:23,0.000005916000,1000000.00000,b,l
2026-02-05 22:11:23,0.000005917000,6496000.00000,b,l
2026-02-05 22:11:23,0.000005918000,83303632.07308,b,l
2026-02-05 22:11:23,0.000005918000,85672373.33415,b,l
2026-02-05 22:11:23,0.000005919000,5006328.24999,b,l
2026-02-05 22:11:23,0.000005919000,6496000.00000,b,l
2026-02-05 22:11:23,0.000005920000,6496000.00000,b,l
2026-02-05 22:11:23,0.000005921000,95534642.82858,b,l
2026-02-05 22:11:23,0.000005921000,62124569.73134,b,l
2026-02-05 22:11:23,0.000005921000,6496000.00000,b,l
2026-02-05 22:11:23,0.000005923000,6496000.00000,b,l
2026-02-05 22:11:23,0.000005924000,6496000.00000,b,l
2026-02-05 22:11:23,0.000005924000,93348835.93068,b,l
2026-02-05 22:11:23,0.000005924000,67851164.06932,b,l
2026-02-05 22:11:23,0.000005924000,209103562.77924,b,l
2026-02-05 22:11:23,0.000005925000,67580000.00000,b,l
2026-02-05 22:11:23,0.000005929000,1000000.00000,s,l
2026-02-05 22:11:29,0.000005926000,1000000.00000,b,m
2026-02-05 22:11:29,0.000005927000,49415218.49165,b,m
2026-02-05 22:11:32,0.000005920000,16891891.89189,s,l
2026-02-05 22:12:37,0.000005931000,1000000.00000,b,l
2026-02-05 22:13:10,0.000005931000,861900.00000,s,l
2026-02-05 22:13:10,0.000005930000,1000000.00000,s,l
2026-02-05 22:13:18,0.000005920000,1000000.00000,s,l
2026-02-05 22:14:01,0.000005910000,1000000.00000,s,l
2026-02-05 22:14:13,0.000005903000,2832458.00000,s,l
2026-02-05 22:14:20,0.000005905000,16891891.88999,b,l
2026-02-05 22:14:20,0.000005906000,21608108.11001,b,l
2026-02-05 22:14:20,0.000005906000,24970000.00000,b,l
2026-02-05 22:14:24,0.000005910000,1000000.00000,s,l
2026-02-05 22:14:26,0.000005909000,2590695.00000,b,l
2026-02-05 22:15:01,0.000005916000,1000000.00000,b,l
2026-02-05 22:15:30,0.000005896000,1000000.00000,b,l
2026-02-05 22:15:46,0.000005896000,1000000.00000,b,l
2026-02-05 22:15:58,0.000005890000,6496000.00000,b,l
2026-02-05 22:16:02,0.000005886000,1000000.00000,b,l
2026-02-05 22:16:05,0.000005886000,1000000.00000,b,l
2026-02-05 22:16:09,0.000005896000,1000000.00000,b,l
2026-02-05 22:16:25,0.000005886000,1000000.00000,b,l
2026-02-05 22:17:00,0.000005886000,1000000.00000,b,l
2026-02-05 22:17:06,0.000005880000,1000000.00000,s,l
2026-02-05 22:17:06,0.000005880000,17006802.72108,s,l
2026-02-05 22:17:24,0.000005866000,1000000.00000,b,l
2026-02-05 22:17:36,0.000005860000,1000000.00000,s,l
2026-02-05 22:17:49,0.000005840000,1000000.00000,s,l
2026-02-05 22:17:49,0.000005840000,17123000.00000,s,l
2026-02-05 22:17:52,0.000005827000,3486000.00000,s,l
2026-02-05 22:17:52,0.000005827000,5258635.41048,s,l
2026-02-05 22:17:52,0.000005826000,33241364.58952,s,l
2026-02-05 22:17:52,0.000005826000,38500000.00000,s,l
2026-02-05 22:17:56,0.000005814000,6496000.00000,b,l
2026-02-05 22:17:56,0.000005815000,6496000.00000,b,l
2026-02-05 22:17:56,0.000005816000,68130000.00000,b,l
2026-02-05 22:17:56,0.000005816000,6496000.00000,b,l
2026-02-05 22:17:56,0.000005817000,6496000.00000,b,l
2026-02-05 22:17:56,0.000005818000,6496000.00000,b,l
2026-02-05 22:17:56,0.000005819000,6496000.00000,b,l
2026-02-05 22:17:56,0.000005821000,6496000.00000,b,l
2026-02-05 22:17:56,0.000005821000,57614784.00000,b,l
2026-02-05 22:18:39,0.000005837000,1000000.00000,b,l
2026-02-05 22:18:56,0.000005837000,1000000.00000,b,l
2026-02-05 22:18:56,0.000005837000,21415000.00000,b,l
2026-02-05 22:19:00,0.000005841000,21400445.12925,b,l
2026-02-05 22:19:00,0.000005842000,11784554.87075,b,l
2026-02-05 22:19:00,0.000005842000,38500000.00000,b,l
2026-02-05 22:19:00,0.000005842000,21477000.00000,b,l
2026-02-05 22:19:00,0.000005842000,9061000.00000,b,l
2026-02-05 22:19:00,0.000005842000,21400000.00000,b,l
2026-02-05 22:19:00,0.000005842000,21400000.00000,b,l
2026-02-05 22:19:00,0.000005842000,30434274.98204,b,l
2026-02-05 22:19:06,0.000005842000,219804.86000,b,l
2026-02-05 22:19:11,0.000005837000,1000000.00000,b,l
2026-02-05 22:19:15,0.000005837000,1000000.00000,b,l
2026-02-05 22:19:18,0.000005845000,13001000.00000,b,l
2026-02-05 22:19:18,0.000005845000,29466000.00000,b,l
2026-02-05 22:19:18,0.000005845000,38500000.00000,b,l
2026-02-05 22:20:53,0.000005847000,524425.00000,b,l
2026-02-05 22:21:02,0.000005845000,50213557.61000,s,m
2026-02-05 22:21:33,0.000005847000,1000000.00000,b,m
2026-02-05 22:21:33,0.000005849000,10077449.13660,b,m
2026-02-05 22:21:41,0.000005840000,1000000.00000,s,l
2026-02-05 22:21:41,0.000005840000,17123000.00000,s,l
2026-02-05 22:21:54,0.000005842000,17117425.53919,s,l
2026-02-05 22:21:54,0.000005841000,2341578.27141,s,l
2026-02-05 22:22:58,0.000005827000,1000000.00000,b,l
2026-02-05 22:22:58,0.000005831000,64556686.37219,b,l
2026-02-05 22:23:19,0.000005820000,1000000.00000,s,l
2026-02-05 22:23:19,0.000005820000,7500744.00000,s,l
2026-02-05 22:24:38,0.000005821000,97377000.00000,s,l
2026-02-05 22:25:07,0.000005836000,168838.00000,b,l
2026-02-05 22:25:28,0.000005836000,21418779.98629,b,l
2026-02-05 22:25:28,0.000005837000,1000000.00000,b,l
2026-02-05 22:25:28,0.000005837000,20432986.01371,b,l
2026-02-05 22:27:12,0.000005847000,1000000.00000,b,l
2026-02-05 22:27:45,0.000005850000,5260896.63214,b,l
2026-02-05 22:27:45,0.000005852000,1000000.00000,b,l
2026-02-05 22:28:12,0.000005877000,1000000.00000,b,l
2026-02-05 22:28:14,0.000005882000,1000000.00000,b,l
2026-02-05 22:29:01,0.000005964000,675447.48395,b,l
2026-02-05 22:29:02,0.000005990000,2419109.49000,b,l
2026-02-05 22:29:06,0.000005970000,418410041.80000,s,l
2026-02-05 22:29:29,0.000006006000,164525.00000,b,l
2026-02-05 22:30:09,0.000005980000,316362327.69051,s,l
2026-02-05 22:30:28,0.000006002000,8942360.38100,s,l
2026-02-05 22:30:28,0.000005995000,6930695.08900,s,l
2026-02-05 22:30:29,0.000006011000,675447.48000,b,l
2026-02-05 22:31:12,0.000005966000,675447.48000,s,l
2026-02-05 22:31:24,0.000005955000,645536.91000,b,l
2026-02-05 22:32:05,0.000005938000,5707580.00000,s,l
2026-02-05 22:34:43,0.000005942000,194242.81000,s,l
2026-02-05 22:34:45,0.000005942000,7414349.00000,s,l
2026-02-05 22:34:54,0.000005936000,2439824.00000,b,l
2026-02-05 22:35:01,0.000005941000,16832183.13415,s,l
2026-02-05 22:35:23,0.000005930000,1819614.43000,s,l
2026-02-05 22:37:27,0.000005945000,151387720.77375,b,l
2026-02-05 22:37:27,0.000005948000,226972748.92662,b,l
2026-02-05 22:37:27,0.000005950000,34177939.08000,b,l
2026-02-05 22:37:27,0.000005951000,558279.85200,b,l
2026-02-05 22:37:27,0.000005952000,125931832.57447,b,l
2026-02-05 22:37:27,0.000005953000,152500470.02357,b,l
2026-02-05 22:37:27,0.000005947000,77521049.11820,b,l
2026-02-05 22:38:25,0.000005946000,1681802.89270,b,m
2026-02-05 22:38:38,0.000005944000,8859432.78088,b,l
2026-02-05 22:39:08,0.000005935000,1619626.01000,b,l
2026-02-05 22:39:15,0.000005932000,150213059.22900,b,l
2026-02-05 22:39:15,0.000005932000,11896940.77100,b,l
2026-02-05 22:39:16,0.000005933000,18461589.39100,b,l
2026-02-05 22:39:16,0.000005933000,2071024.80081,b,l
2026-02-05 22:39:28,0.000005946000,32495357.00000,b,l
2026-02-05 22:41:09,0.000005925000,1681802.89271,b,m
2026-02-05 22:43:35,0.000005948000,646469.40000,b,l
2026-02-05 22:43:53,0.000005952000,7232182.27000,s,l
2026-02-05 22:43:55,0.000005952000,29926821.00000,s,l
2026-02-05 22:44:37,0.000005957000,119367588.93000,s,l
2026-02-05 22:45:08,0.000005961000,162084.00000,b,l
2026-02-05 22:46:50,0.000005961000,1000000.00000,s,l
2026-02-05 22:48:25,0.000005947000,1000000.00000,b,l
2026-02-05 22:49:01,0.000005956000,202775.00000,b,l
2026-02-05 22:51:33,0.000005970000,195820000.00000,b,l
2026-02-05 22:51:50,0.000005973000,1424629.00000,s,l
2026-02-05 22:52:20,0.000005995000,20558562.45915,b,l
2026-02-05 22:52:44,0.000005990000,1000000.00000,s,l
2026-02-05 22:52:47,0.000005986000,2868359.50551,s,l
2026-02-05 22:53:01,0.000005979000,20854187.51999,b,l
2026-02-05 22:53:01,0.000005980000,199940000.00000,b,l
2026-02-05 22:53:01,0.000005985000,334168755.22138,b,l
2026-02-05 22:53:01,0.000005985000,225585560.97172,b,l
2026-02-05 22:53:01,0.000005986000,40294575.88200,b,l
2026-02-05 22:53:01,0.000005988000,334001336.00534,b,l
2026-02-05 22:53:01,0.000005989000,11194710.39957,b,l
2026-02-05 22:53:48,0.000005990000,1000000.00000,s,l
2026-02-05 22:53:48,0.000005990000,16694490.81803,s,l
2026-02-05 22:54:28,0.000005980000,1000000.00000,s,l
2026-02-05 22:54:28,0.000005977000,2702640.99760,s,l
2026-02-05 22:54:35,0.000005987000,1000000.00000,b,l
2026-02-05 22:54:35,0.000005988000,2202490.00000,b,l
2026-02-05 22:55:22,0.000005958000,16784155.75696,s,l
2026-02-05 22:55:22,0.000005957000,67010000.00000,s,l
2026-02-05 22:59:51,0.000005946000,21022536.15876,b,l
2026-02-05 22:59:51,0.000005947000,1000000.00000,b,l
2026-02-05 22:59:51,0.000005947000,59361720.84124,b,l
2026-02-05 23:00:13,0.000005944000,1413189.77000,b,l
2026-02-05 23:00:22,0.000005947000,1000000.00000,b,l
2026-02-05 23:01:10,0.000005951000,1000000.00000,s,l
2026-02-05 23:01:32,0.000005937000,1000000.00000,b,l
2026-02-05 23:01:32,0.000005937000,20829574.37204,b,l
2026-02-05 23:01:37,0.000005937000,1000000.00000,b,l
2026-02-05 23:01:53,0.000005946000,1776783.77360,s,l
2026-02-05 23:02:06,0.000005947000,1000000.00000,b,l
2026-02-05 23:02:29,0.000005966000,12956261.41999,b,l
2026-02-05 23:02:29,0.000005967000,1000000.00000,b,l
2026-02-05 23:03:02,0.000005977000,1000000.00000,b,l
2026-02-05 23:03:19,0.000005977000,1000000.00000,b,l
2026-02-05 23:03:19,0.000005981000,614072.00000,b,l
2026-02-05 23:03:26,0.000005990000,9457645.01600,b,l
2026-02-05 23:03:35,0.000006002000,1000000.00000,b,l
2026-02-05 23:03:37,0.000006010000,16638935.10815,s,l
2026-02-05 23:03:37,0.000006009000,11084909.00700,s,l
2026-02-05 23:03:37,0.000006008000,11272306.88485,s,l
2026-02-05 23:03:47,0.000006007000,1000000.00000,b,l
2026-02-05 23:03:48,0.000006011000,675447.48000,b,l
2026-02-05 23:03:54,0.000006011000,1000000.00000,s,l
2026-02-05 23:04:10,0.000006007000,1000000.00000,b,l
2026-02-05 23:04:10,0.000006010000,14638935.10999,b,l
2026-02-05 23:04:10,0.000006010000,196040000.00000,b,l
2026-02-05 23:04:35,0.000006027000,1000000.00000,b,m
2026-02-05 23:04:35,0.000006029000,11272306.88485,b,m
2026-02-05 23:04:35,0.000006030000,149253731.34328,b,m
2026-02-05 23:04:35,0.000006031000,120257380.20229,b,m
2026-02-05 23:04:44,0.000006036000,1050082.78468,b,l
2026-02-05 23:04:44,0.000006037000,1000000.00000,b,l
2026-02-05 23:05:02,0.000006037000,1000000.00000,b,l
2026-02-05 23:05:07,0.000006047000,1000000.00000,b,l
2026-02-05 23:05:37,0.000006057000,1000000.00000,b,l
2026-02-05 23:05:39,0.000006061000,3403675.97005,s,m
2026-02-05 23:05:59,0.000006047000,1000000.00000,b,l
2026-02-05 23:06:00,0.000006047000,16537125.84752,s,l
2026-02-05 23:06:15,0.000006047000,1000000.00000,b,l
2026-02-05 23:06:52,0.000006057000,1000000.00000,b,l
2026-02-05 23:06:53,0.000006060000,20627062.70627,b,l
2026-02-05 23:07:06,0.000006055000,148637489.67795,b,l
2026-02-05 23:07:12,0.000006046000,4135249.00000,s,l
2026-02-05 23:07:27,0.000006047000,1000000.00000,b,l
2026-02-05 23:07:27,0.000006050000,148766865.84172,b,l
2026-02-05 23:07:36,0.000006047000,1000000.00000,b,l
2026-02-05 23:07:40,0.000006050000,3307425.16951,b,m
2026-02-05 23:09:25,0.000006027000,1000000.00000,b,l
2026-02-05 23:09:36,0.000006042000,195200000.00000,b,l
2026-02-05 23:09:36,0.000006043000,21168000.00000,b,l
2026-02-05 23:09:58,0.000006047000,1000000.00000,b,l
2026-02-05 23:09:58,0.000006047000,2250000.58540,b,l
2026-02-05 23:10:24,0.000006055000,952617.67000,b,l
2026-02-05 23:10:27,0.000006056000,82570000.00000,b,l
2026-02-05 23:10:27,0.000006057000,1000000.00000,b,l
2026-02-05 23:10:38,0.000006058000,165053630.92481,b,l
2026-02-05 23:10:39,0.000006063000,194490000.00000,b,l
2026-02-05 23:11:03,0.000006057000,380832.09000,b,l
2026-02-05 23:11:20,0.000006050000,1000000.00000,s,l
2026-02-05 23:11:20,0.000006050000,16528925.61983,s,l
2026-02-05 23:11:44,0.000006047000,1000000.00000,b,l
2026-02-05 23:11:49,0.000006050000,1000000.00000,s,l
2026-02-05 23:11:49,0.000006050000,16528925.61983,s,l
2026-02-05 23:12:19,0.000006056000,129203139.63629,b,l
2026-02-05 23:13:05,0.000006055000,20644095.78860,b,l
2026-02-05 23:13:05,0.000006056000,108559043.84769,b,l
2026-02-05 23:13:10,0.000006051000,12055000.00000,s,l
2026-02-05 23:13:11,0.000006050000,1000000.00000,s,l
2026-02-05 23:13:11,0.000006050000,16528000.00000,s,l
2026-02-05 23:13:36,0.000006040000,1000000.00000,s,l
2026-02-05 23:13:36,0.000006038000,6750000.00000,s,l
2026-02-05 23:13:36,0.000006037000,3822063.00000,s,l
2026-02-05 23:14:40,0.000006037000,1000000.00000,b,l
2026-02-05 23:14:51,0.000006041000,1000000.00000,s,l
2026-02-05 23:15:00,0.000006041000,1000000.00000,s,l
2026-02-05 23:15:08,0.000006033000,165732652.80244,s,m
2026-02-05 23:15:08,0.000006032000,77328.95846,s,m
2026-02-05 23:15:17,0.000006036000,1156151.00000,b,l
2026-02-05 23:16:02,0.000006041000,1000000.00000,s,l
2026-02-05 23:16:13,0.000006031000,1000000.00000,s,l
2026-02-05 23:16:22,0.000006021000,1000000.00000,s,l
2026-02-05 23:17:21,0.000006021000,1000000.00000,s,l
2026-02-05 23:17:43,0.000006016000,129203139.63629,b,l
2026-02-05 23:17:52,0.000006021000,1000000.00000,s,l
2026-02-05 23:17:59,0.000006021000,1000000.00000,s,l
2026-02-05 23:18:01,0.000006014000,1822000.00000,s,l
2026-02-05 23:18:01,0.000006014000,827000.00000,s,l
2026-02-05 23:18:01,0.000006014000,163621786.76715,s,l
2026-02-05 23:18:26,0.000006007000,1000000.00000,b,l
2026-02-05 23:18:45,0.000006007000,812449.00000,b,l
2026-02-05 23:21:13,0.000005973000,23349234.00000,b,l
2026-02-05 23:21:30,0.000005968000,1000000.00000,b,l
2026-02-05 23:22:06,0.000005966000,675447.48000,s,l
2026-02-05 23:23:01,0.000005958000,1000000.00000,b,l
2026-02-05 23:23:55,0.000005961000,1000000.00000,s,l
2026-02-05 23:24:24,0.000005956000,4054824.00000,b,l
2026-02-05 23:24:50,0.000005951000,1000000.00000,s,m
2026-02-05 23:24:50,0.000005950000,2307425.16951,s,m
2026-02-05 23:24:50,0.000005955000,3357958.36132,b,m
2026-02-05 23:24:51,0.000005951000,1000000.00000,s,l
2026-02-05 23:25:05,0.000005948000,1000000.00000,b,l
2026-02-05 23:25:08,0.000005958000,1000000.00000,b,l
2026-02-05 23:25:19,0.000005955000,240715.24000,b,l
2026-02-05 23:26:28,0.000005952000,1202154.00000,s,l
2026-02-05 23:26:45,0.000005958000,1000000.00000,b,l
2026-02-05 23:27:27,0.000005968000,1000000.00000,b,l
2026-02-05 23:28:39,0.000005978000,1000000.00000,b,m
2026-02-05 23:28:39,0.000005979000,20906506.10469,b,m
2026-02-05 23:28:39,0.000005979000,8274580.41531,b,m
2026-02-05 23:29:38,0.000005972000,1673280.61613,b,l
2026-02-05 23:29:38,0.000005972000,1673280.61613,b,l
2026-02-05 23:29:38,0.000005972000,1673280.61613,b,l
2026-02-05 23:29:38,0.000005972000,1673280.61613,b,l
2026-02-05 23:29:38,0.000005972000,1673280.61613,b,l
2026-02-05 23:29:51,0.000005975000,20403988.45999,b,m
2026-02-05 23:29:51,0.000005975000,6750000.00000,b,m
2026-02-05 23:29:51,0.000005976000,6750000.00000,b,m
2026-02-05 23:29:51,0.000005976000,14131010.70950,b,m
2026-02-05 23:30:21,0.000005977000,13500000.00000,b,l
2026-02-05 23:30:29,0.000005981000,1000000.00000,s,l
2026-02-05 23:30:40,0.000005976000,129203139.63629,b,l
2026-02-05 23:31:08,0.000005971000,1000000.00000,s,l
2026-02-05 23:32:54,0.000005966000,3607900.41950,s,l
2026-02-05 23:33:05,0.000005961000,1000000.00000,s,l
2026-02-05 23:33:51,0.000005953000,5017619.84000,s,l
2026-02-05 23:33:56,0.000005948000,1000000.00000,b,l
2026-02-05 23:35:06,0.000005938000,1000000.00000,b,l
2026-02-05 23:35:11,0.000005941000,1000000.00000,s,l
2026-02-05 23:35:11,0.000005941000,16617053.94593,s,l
2026-02-05 23:35:12,0.000005934000,16852000.00000,s,l
2026-02-05 23:35:12,0.000005934000,39.09673,s,l
2026-02-05 23:35:12,0.000005933000,10424365.85400,s,l
2026-02-05 23:35:12,0.000005933000,164048475.44305,s,l
2026-02-05 23:35:12,0.000005933000,4480347.25600,s,l
2026-02-05 23:35:12,0.000005931000,1000000.00000,s,l
2026-02-05 23:35:12,0.000005931000,20849000.00000,s,l
2026-02-05 23:35:12,0.000005931000,8723644.01968,s,l
2026-02-05 23:35:12,0.000005931000,4710000.00000,s,l
2026-02-05 23:35:12,0.000005923000,40000000.00000,s,l
2026-02-05 23:35:12,0.000005923000,18381000.00000,s,l
2026-02-05 23:35:18,0.000005924000,26042000.00000,b,l
2026-02-05 23:35:18,0.000005924000,40000000.00000,b,l
2026-02-05 23:35:18,0.000005924000,40000000.00000,b,l
2026-02-05 23:35:18,0.000005924000,26156000.00000,b,l
2026-02-05 23:35:18,0.000005924000,13844000.00000,b,l
2026-02-05 23:35:33,0.000005921000,1000000.00000,s,l
2026-02-05 23:35:33,0.000005921000,323114.50000,s,l
2026-02-05 23:35:44,0.000005921000,1000000.00000,s,l
2026-02-05 23:35:44,0.000005921000,6750000.00000,s,l
2026-02-05 23:35:49,0.000005921000,1000000.00000,s,l
2026-02-05 23:36:02,0.000005919000,675000.00000,s,l
2026-02-05 23:36:02,0.000005919000,447.48395,s,l
2026-02-05 23:36:13,0.000005911000,129203139.63629,s,l
2026-02-05 23:36:21,0.000005907000,325054.94000,b,l
2026-02-05 23:36:35,0.000005912000,6398000.00000,s,l
2026-02-05 23:36:35,0.000005912000,159748000.00000,s,l
2026-02-05 23:36:35,0.000005912000,3001496.61705,s,l
2026-02-05 23:37:06,0.000005913000,129203139.63629,s,l
2026-02-05 23:38:14,0.000005918000,1000000.00000,b,l
2026-02-05 23:38:38,0.000005912000,40026783.90067,s,l
2026-02-05 23:38:56,0.000005913000,2943503.00000,s,l
2026-02-05 23:39:43,0.000005911000,1000000.00000,s,l
2026-02-05 23:39:43,0.000005911000,16676000.00000,s,l
2026-02-05 23:39:43,0.000005911000,76999000.00000,s,l
2026-02-05 23:39:43,0.000005911000,40000000.00000,s,l
2026-02-05 23:40:22,0.000005896000,678426.05156,s,l
2026-02-05 23:40:32,0.000005893000,1061039.78289,s,l
2026-02-05 23:41:57,0.000005878000,1000000.00000,b,l
2026-02-05 23:42:16,0.000005881000,1000000.00000,s,l
2026-02-05 23:42:16,0.000005881000,170024771.58694,s,l
2026-02-05 23:42:16,0.000005881000,11249072.91100,s,l
2026-02-05 23:42:46,0.000005888000,1000000.00000,b,l
2026-02-05 23:42:46,0.000005888000,7204684.00000,b,l
2026-02-05 23:43:16,0.000005894000,47842857.49000,s,m
2026-02-05 23:43:46,0.000005891000,1000000.00000,s,l
2026-02-05 23:44:22,0.000005888000,1000000.00000,b,l
2026-02-05 23:44:28,0.000005891000,1000000.00000,s,l
2026-02-05 23:44:28,0.000005890000,39000000.00000,s,l
2026-02-05 23:44:28,0.000005890000,130757332.39860,s,l
2026-02-05 23:44:52,0.000005881000,1000000.00000,s,l
2026-02-05 23:45:44,0.000005878000,1000000.00000,b,l
2026-02-05 23:46:01,0.000005878000,1000000.00000,b,l
2026-02-05 23:46:27,0.000005888000,1000000.00000,b,l
2026-02-05 23:46:31,0.000005888000,1000000.00000,b,l
2026-02-05 23:47:33,0.000005898000,178559.00000,b,l
2026-02-05 23:47:37,0.000005891000,1000000.00000,s,l
2026-02-05 23:48:16,0.000005884000,6750000.00000,s,m
2026-02-05 23:48:16,0.000005883000,3592791.26000,s,m
2026-02-05 23:48:40,0.000005881000,1000000.00000,s,l
2026-02-05 23:48:40,0.000005881000,39000000.00000,s,l
2026-02-05 23:48:40,0.000005881000,40000000.00000,s,l
2026-02-05 23:48:47,0.000005878000,1000000.00000,b,l
2026-02-05 23:48:57,0.000005888000,1000000.00000,b,l
2026-02-05 23:49:13,0.000005907000,3255747.41000,b,l
2026-02-05 23:49:13,0.000005907000,169305000.00000,b,l
2026-02-05 23:49:18,0.000005905000,80000000.00000,s,l
2026-02-05 23:49:18,0.000005905000,9305000.00000,s,l
2026-02-05 23:49:58,0.000005906000,6750000.00000,s,l
2026-02-05 23:50:11,0.000005898000,1000000.00000,b,l
2026-02-05 23:50:11,0.000005900000,21186000.00000,b,l
2026-02-05 23:50:29,0.000005890000,3592000.00000,s,l
2026-02-05 23:51:34,0.000005887000,21186000.00000,s,l
2026-02-05 23:51:34,0.000005887000,40000000.00000,s,l
2026-02-05 23:51:34,0.000005887000,56198000.00000,s,l
2026-02-05 23:51:35,0.000005887000,8083000.00000,s,l
2026-02-05 23:51:35,0.000005887000,21781000.00000,s,l
2026-02-05 23:51:35,0.000005887000,17117000.00000,s,l
2026-02-05 23:51:35,0.000005887000,5500806.01324,s,l
2026-02-05 23:51:35,0.000005887000,16986580.60132,s,l
2026-02-05 23:51:35,0.000005884000,4918410.10453,s,l
2026-02-05 23:51:35,0.000005884000,4918410.10453,s,l
2026-02-05 23:51:35,0.000005884000,30441000.00000,s,l
2026-02-05 23:51:35,0.000005884000,23616000.00000,s,l
2026-02-05 23:51:35,0.000005884000,9963000.00000,s,l
2026-02-05 23:51:35,0.000005884000,60941000.00000,s,l
2026-02-05 23:51:35,0.000005884000,40000000.00000,s,l
2026-02-05 23:51:35,0.000005884000,2612000.00000,s,l
2026-02-05 23:51:35,0.000005884000,77491933.28154,s,l
2026-02-05 23:51:55,0.000005881000,1000000.00000,s,l
2026-02-05 23:52:12,0.000005871000,1000000.00000,s,l
2026-02-05 23:52:41,0.000005854000,8051602.59185,s,l
2026-02-05 23:52:41,0.000005853000,4451161.14528,s,l
2026-02-05 23:52:41,0.000005851000,1000000.00000,s,l
2026-02-05 23:52:41,0.000005849000,243832420.29000,s,l
2026-02-05 23:52:47,0.000005841000,129203139.63629,s,l
2026-02-05 23:52:47,0.000005841000,41972000.00000,s,l
2026-02-05 23:53:05,0.000005831000,1000000.00000,s,m
2026-02-05 23:53:05,0.000005831000,2357958.36132,s,m
2026-02-05 23:53:15,0.000005837000,171302335.67235,s,l
2026-02-05 23:54:04,0.000005831000,2971000.00000,s,l
2026-02-05 23:54:04,0.000005831000,6675000.00000,s,l
2026-02-05 23:54:05,0.000005831000,7722000.00000,s,l
2026-02-05 23:54:05,0.000005831000,115679000.00000,s,l
2026-02-05 23:54:53,0.000005838000,1000000.00000,b,l
2026-02-05 23:54:53,0.000005838000,171315167.62048,b,l
2026-02-05 23:54:54,0.000005838000,14412000.00000,s,l
2026-02-05 23:54:54,0.000005838000,40000000.00000,s,l
2026-02-05 23:56:01,0.000005837000,1000000.00000,b,l
2026-02-05 23:56:06,0.000005845000,3426417.68032,b,m
2026-02-05 23:56:16,0.000005840000,3532898.87721,s,l
2026-02-05 23:56:25,0.000005837000,552886.75000,b,l
2026-02-05 23:56:49,0.000005837000,1000000.00000,b,l
2026-02-05 23:57:04,0.000005858000,21338000.00000,b,l
2026-02-05 23:57:19,0.000005853000,17085255.42456,s,l
2026-02-05 23:57:19,0.000005852000,12120728.16665,s,l
2026-02-05 23:57:33,0.000005851000,17188216.42929,b,l
2026-02-05 23:57:33,0.000005851000,22811783.57071,b,l
2026-02-05 23:58:20,0.000005845000,17108639.86313,s,l
2026-02-05 23:58:20,0.000005844000,106178351.23432,s,l
2026-02-05 23:59:17,0.000005835000,3500731.92000,s,m
2026-02-05 23:59:26,0.000005837000,1000000.00000,b,l
2026-02-06 00:00:03,0.000005847000,1000000.00000,b,l
2026-02-06 00:00:23,0.000005867000,1000000.00000,b,l
2026-02-06 00:00:33,0.000005877000,1000000.00000,b,l
2026-02-06 00:01:40,0.000005870000,4101000.00000,s,l
2026-02-06 00:02:18,0.000005861000,1000000.00000,s,l
2026-02-06 00:02:18,0.000005857000,6750000.00000,s,l
2026-02-06 00:02:18,0.000005857000,11100653.00000,s,l
2026-02-06 00:02:21,0.000005861000,1000000.00000,s,l
2026-02-06 00:02:27,0.000005852000,5750000.00000,s,l
2026-02-06 00:03:12,0.000005812000,40000000.00000,s,l
2026-02-06 00:03:12,0.000005812000,20800000.00000,s,l
2026-02-06 00:03:12,0.000005812000,9233000.00000,s,l
2026-02-06 00:03:12,0.000005812000,9233000.00000,s,l
2026-02-06 00:03:12,0.000005811000,8233810.98000,s,l
2026-02-06 00:03:12,0.000005811000,1000000.00000,s,l
2026-02-06 00:03:17,0.000005800000,25862000.00000,s,l
2026-02-06 00:03:17,0.000005800000,68.96551,s,l
2026-02-06 00:03:26,0.000005805000,6750000.00000,b,l
2026-02-06 00:03:26,0.000005805000,950000.00000,b,l
2026-02-06 00:03:26,0.000005806000,2700000.00000,b,l
2026-02-06 00:03:33,0.000005814000,6750000.00000,s,m
2026-02-06 00:03:33,0.000005813000,6750000.00000,s,m
2026-02-06 00:03:33,0.000005813000,16681086.52000,s,m
2026-02-06 00:03:33,0.000005824000,8300000.00000,b,l
2026-02-06 00:03:33,0.000005824000,7700000.00000,b,l
2026-02-06 00:04:01,0.000005856000,6750000.00000,s,l
2026-02-06 00:04:22,0.000005845000,22567000.00000,b,l
2026-02-06 00:04:22,0.000005845000,40000000.00000,b,l
2026-02-06 00:04:22,0.000005845000,40000000.00000,b,l
2026-02-06 00:04:22,0.000005845000,28519000.00000,b,l
2026-02-06 00:04:22,0.000005845000,40000000.00000,b,l
2026-02-06 00:04:26,0.000005853000,11481000.00000,b,l
2026-02-06 00:04:26,0.000005853000,57688000.00000,b,l
2026-02-06 00:04:26,0.000005853000,11481000.00000,b,l
2026-02-06 00:05:41,0.000005782000,29169000.00000,s,l
2026-02-06 00:05:41,0.000005782000,13145000.00000,s,l
2026-02-06 00:05:41,0.000005782000,26855000.00000,s,l
2026-02-06 00:05:41,0.000005782000,2314000.00000,s,l
2026-02-06 00:05:47,0.000005775000,54835000.00000,s,l
2026-02-06 00:05:48,0.000005775000,3054000.00000,s,l
2026-02-06 00:05:48,0.000005775000,46136000.00000,s,l
2026-02-06 00:05:48,0.000005775000,3054000.00000,s,l
2026-02-06 00:05:50,0.000005770000,75407000.00000,s,l
2026-02-06 00:05:50,0.000005770000,416.16886,s,l
2026-02-06 00:05:50,0.000005768000,2278583.83114,s,l
2026-02-06 00:05:52,0.000005757000,29498000.00000,s,l
2026-02-06 00:05:52,0.000005757000,10502000.00000,s,l
2026-02-06 00:05:52,0.000005757000,22922000.00000,s,l
2026-02-06 00:05:52,0.000005757000,6576956.48579,s,l
2026-02-06 00:05:52,0.000005755000,40000000.00000,s,l
2026-02-06 00:05:52,0.000005755000,33424652.53449,s,l
2026-02-06 00:06:06,0.000005764000,17078000.00000,s,l
2026-02-06 00:06:10,0.000005773000,28787000.00000,s,l
2026-02-06 00:06:11,0.000005766000,76025025.76897,s,l
2026-02-06 00:06:55,0.000005777000,40000000.00000,b,l
2026-02-06 00:06:55,0.000005777000,13100000.00000,b,l
2026-02-06 00:06:55,0.000005777000,80000000.00000,b,l
2026-02-06 00:06:55,0.000005777000,40000000.00000,b,l
2026-02-06 00:06:55,0.000005777000,225.03029,b,l
2026-02-06 00:06:57,0.000005797000,8725000.00000,b,l
2026-02-06 00:06:57,0.000005797000,157.38100,b,l
2026-02-06 00:06:57,0.000005798000,26900000.00000,b,l
2026-02-06 00:06:57,0.000005798000,145573266.64367,b,l
2026-02-06 00:06:58,0.000005809000,21518333.62024,b,l
2026-02-06 00:06:58,0.000005809000,21851666.37976,b,l
2026-02-06 00:06:58,0.000005809000,150295002.58219,b,l
2026-02-06 00:07:48,0.000005797000,1379310.34000,b,m
2026-02-06 00:07:49,0.000005794000,17259000.00000,s,l
2026-02-06 00:08:14,0.000005782000,1735000.00000,s,l
2026-02-06 00:08:14,0.000005782000,7017667.19000,s,l
2026-02-06 00:08:14,0.000005781000,4907570.90836,s,l
2026-02-06 00:08:22,0.000005776000,38413000.00000,b,l
2026-02-06 00:08:22,0.000005776000,9030000.00000,b,l
2026-02-06 00:08:22,0.000005776000,7017000.00000,b,l
2026-02-06 00:08:22,0.000005776000,80000000.00000,b,l
2026-02-06 00:08:22,0.000005776000,6113000.00000,b,l
2026-02-06 00:08:22,0.000005776000,32557193.90581,b,l
2026-02-06 00:08:23,0.000005775000,37899000.00000,s,l
2026-02-06 00:08:26,0.000005776000,1000000.00000,s,l
2026-02-06 00:08:31,0.000005771000,1000000.00000,b,l
2026-02-06 00:08:32,0.000005767000,1000000.00000,b,l
2026-02-06 00:08:35,0.000005777000,1000000.00000,b,l
2026-02-06 00:08:35,0.000005788000,74403000.00000,s,l
2026-02-06 00:08:36,0.000005783000,11534000.00000,s,l
2026-02-06 00:08:36,0.000005783000,16503000.00000,s,l
2026-02-06 00:08:36,0.000005783000,26993000.00000,s,l
2026-02-06 00:08:38,0.000005777000,11139000.00000,s,l
2026-02-06 00:08:38,0.000005777000,38670000.00000,s,l
2026-02-06 00:08:39,0.000005771000,28861000.00000,s,l
2026-02-06 00:08:39,0.000005771000,27330000.00000,s,l
2026-02-06 00:08:49,0.000005769000,156006240.24961,b,l
2026-02-06 00:09:02,0.000005756000,21367000.00000,s,l
2026-02-06 00:09:03,0.000005755000,12670000.00000,s,l
2026-02-06 00:09:03,0.000005755000,25034000.00000,s,l
2026-02-06 00:09:03,0.000005755000,12670000.00000,s,l
2026-02-06 00:09:09,0.000005745000,40930364.57612,s,l
2026-02-06 00:09:13,0.000005729000,3426417.68032,s,m
2026-02-06 00:09:18,0.000005724000,2296000.00000,s,l
2026-02-06 00:09:18,0.000005724000,40000000.00000,s,l
2026-02-06 00:09:18,0.000005724000,2296000.00000,s,l
2026-02-06 00:09:18,0.000005724000,4975000.00000,s,l
2026-02-06 00:09:21,0.000005705000,6750000.00000,s,l
2026-02-06 00:09:21,0.000005704000,6750000.00000,s,l
2026-02-06 00:09:39,0.000005760000,156250000.00000,b,l
2026-02-06 00:09:49,0.000005759000,7271000.00000,b,l
2026-02-06 00:09:49,0.000005759000,40000000.00000,b,l
2026-02-06 00:09:49,0.000005759000,7271000.00000,b,l
2026-02-06 00:09:49,0.000005759000,101735000.00000,b,l
2026-02-06 00:09:54,0.000005747000,21267052.29633,s,m
2026-02-06 00:09:54,0.000005747000,9334928.61600,s,m
2026-02-06 00:10:10,0.000005769000,156006240.24961,b,l
2026-02-06 00:10:10,0.000005766000,5400000.00000,s,l
2026-02-06 00:10:11,0.000005766000,1350000.00000,s,l
2026-02-06 00:10:11,0.000005765000,3050000.00000,s,l
2026-02-06 00:10:11,0.000005765000,5400000.00000,s,l
2026-02-06 00:10:11,0.000005765000,3400000.00000,s,l
2026-02-06 00:10:11,0.000005765000,3100000.00000,s,l
2026-02-06 00:10:11,0.000005765000,4200000.00000,s,l
2026-02-06 00:10:11,0.000005765000,2150794.56909,s,l
2026-02-06 00:10:11,0.000005765000,3049205.43091,s,l
2026-02-06 00:10:11,0.000005765000,3700794.56909,s,l
2026-02-06 00:10:11,0.000005765000,699205.43091,s,l
2026-02-06 00:10:11,0.000005759000,3700000.00000,s,l
2026-02-06 00:10:11,0.000005759000,2900000.00000,s,l
2026-02-06 00:10:20,0.000005738000,13500000.00000,s,l
2026-02-06 00:10:20,0.000005738000,6715565.38644,s,l
2026-02-06 00:10:20,0.000005738000,8797410.20000,s,l
2026-02-06 00:10:27,0.000005726000,6750000.00000,s,l
2026-02-06 00:10:28,0.000005737000,13499000.00000,s,l
2026-02-06 00:10:28,0.000005737000,6600000.00000,s,l
2026-02-06 00:10:29,0.000005737000,6931000.00000,s,l
2026-02-06 00:10:29,0.000005737000,188.66553,s,l
2026-02-06 00:10:29,0.000005736000,6562811.33447,s,l
2026-02-06 00:10:30,0.000005736000,25423970.94541,s,l
2026-02-06 00:10:37,0.000005712000,18746000.00000,s,l
2026-02-06 00:10:38,0.000005712000,17996000.00000,s,l
2026-02-06 00:10:46,0.000005716000,214557.00000,b,l
2026-02-06 00:10:55,0.000005719000,156742000.00000,b,l
2026-02-06 00:10:59,0.000005722000,7625961.88251,b,l
2026-02-06 00:11:00,0.000005726000,7625961.88251,b,l
2026-02-06 00:11:00,0.000005726000,441402.22349,b,l
2026-02-06 00:11:00,0.000005726000,7184559.65902,b,l
2026-02-06 00:11:00,0.000005725000,22877000.00000,s,l
2026-02-06 00:11:00,0.000005725000,885.64755,s,l
2026-02-06 00:11:00,0.000005725000,7625961.88251,b,l
2026-02-06 00:11:01,0.000005724000,17123000.00000,s,l
2026-02-06 00:11:01,0.000005724000,5754000.00000,s,l
2026-02-06 00:11:01,0.000005724000,885.64755,s,l
2026-02-06 00:11:01,0.000005723000,15283114.35245,s,l
2026-02-06 00:11:01,0.000005723000,1055.47389,s,l
2026-02-06 00:11:01,0.000005717000,17275000.00000,s,l
2026-02-06 00:11:01,0.000005719000,19731000.00000,s,l
2026-02-06 00:11:01,0.000005719000,30.70095,s,l
2026-02-06 00:11:01,0.000005717000,127.03827,s,l
2026-02-06 00:11:02,0.000005716000,22877000.00000,s,l
2026-02-06 00:11:02,0.000005716000,885.64755,s,l
2026-02-06 00:11:02,0.000005713000,18027000.00000,s,l
2026-02-06 00:11:02,0.000005713000,9.11410,s,l
2026-02-06 00:11:02,0.000005711000,13307000.00000,s,l
2026-02-06 00:11:03,0.000005710000,7745000.00000,s,l
2026-02-06 00:11:03,0.000005710000,7030000.00000,s,l
2026-02-06 00:11:03,0.000005710000,369.41963,s,l
2026-02-06 00:11:08,0.000005698000,3825000.00000,s,l
2026-02-06 00:11:11,0.000005712000,2783009.00000,b,l
2026-02-06 00:11:13,0.000005704000,12193098.45271,s,l
2026-02-06 00:11:20,0.000005687000,11929000.00000,s,l
2026-02-06 00:11:21,0.000005698000,34492899.00000,b,l
2026-02-06 00:11:22,0.000005683000,12045000.00000,s,l
2026-02-06 00:11:23,0.000005675000,11909539.68670,s,l
2026-02-06 00:11:25,0.000005668000,11211000.00000,s,l
2026-02-06 00:11:25,0.000005668000,433.94483,s,l
2026-02-06 00:11:26,0.000005666000,204555.00000,b,l
2026-02-06 00:11:28,0.000005681000,14782000.00000,s,l
2026-02-06 00:11:29,0.000005684000,2700000.00000,b,l
2026-02-06 00:11:29,0.000005684000,5100000.00000,b,l
2026-02-06 00:11:44,0.000005678000,9219000.00000,s,l
2026-02-06 00:11:46,0.000005665000,8619000.00000,s,l
2026-02-06 00:11:54,0.000005668000,15617283.27699,s,m
2026-02-06 00:12:02,0.000005645000,5165000.00000,s,l
2026-02-06 00:12:03,0.000005645000,24654000.00000,s,l
2026-02-06 00:12:03,0.000005645000,899.61617,s,l
2026-02-06 00:12:06,0.000005656000,24654000.00000,b,l
2026-02-06 00:12:06,0.000005656000,116788000.00000,b,l
2026-02-06 00:12:06,0.000005656000,715.70014,b,l
2026-02-06 00:12:06,0.000005669000,141118363.02698,b,l
2026-02-06 00:12:08,0.000005660000,3077845.00000,s,l
2026-02-06 00:12:08,0.000005660000,3077845.00000,s,l
2026-02-06 00:12:13,0.000005672000,5940000.00000,s,l
2026-02-06 00:12:14,0.000005666000,150000000.00000,s,l
2026-02-06 00:12:16,0.000005692000,3594368.00000,b,l
2026-02-06 00:12:27,0.000005669000,40000000.00000,s,l
2026-02-06 00:12:27,0.000005669000,40000000.00000,s,l
2026-02-06 00:12:27,0.000005669000,36788000.00000,s,l
2026-02-06 00:12:27,0.000005669000,40000000.00000,s,l
2026-02-06 00:12:27,0.000005669000,40000000.00000,s,l
2026-02-06 00:12:27,0.000005669000,7230000.00000,s,l
2026-02-06 00:12:27,0.000005669000,40000000.00000,s,l
2026-02-06 00:12:27,0.000005669000,652.67243,s,l
2026-02-06 00:12:30,0.000005678000,5934769.07448,s,l
2026-02-06 00:12:39,0.000005669000,7230000.00000,b,l
2026-02-06 00:12:40,0.000005661000,3787000.00000,s,l
2026-02-06 00:12:42,0.000005659000,22088000.00000,b,l
2026-02-06 00:12:42,0.000005659000,708.25234,b,l
2026-02-06 00:12:42,0.000005660000,49999291.74766,b,l
2026-02-06 00:12:47,0.000005669000,10908000.00000,b,l
2026-02-06 00:12:47,0.000005670000,10791000.00000,b,l
2026-02-06 00:12:50,0.000005660000,2735094.65580,s,l
2026-02-06 00:13:01,0.000005646000,2930389.99836,s,l
2026-02-06 00:13:01,0.000005647000,2837961.06837,s,l
2026-02-06 00:13:05,0.000005650000,40000000.00000,b,l
2026-02-06 00:13:05,0.000005650000,40000000.00000,b,l
2026-02-06 00:13:05,0.000005650000,40000000.00000,b,l
2026-02-06 00:13:05,0.000005650000,80000000.00000,b,l
2026-02-06 00:13:05,0.000005650000,80000000.00000,b,l
2026-02-06 00:13:05,0.000005650000,40000000.00000,b,l
2026-02-06 00:13:08,0.000005668000,204519.00000,b,l
2026-02-06 00:13:09,0.000005641000,1866000.00000,s,l
2026-02-06 00:13:09,0.000005637000,1740924.11883,s,l
2026-02-06 00:13:11,0.000005637000,2568000.00000,s,l
2026-02-06 00:13:11,0.000005640000,2075151.46386,s,l
2026-02-06 00:13:11,0.000005641000,2023000.00000,s,l
2026-02-06 00:13:14,0.000005627000,1342837.22464,s,l
2026-02-06 00:13:14,0.000005617000,7538156.77536,s,l
2026-02-06 00:13:18,0.000005600000,714285.71428,s,l
2026-02-06 00:13:18,0.000005598000,870189.29807,s,l
2026-02-06 00:13:18,0.000005591000,32672810.70193,s,l
2026-02-06 00:13:18,0.000005591000,40000000.00000,s,l
2026-02-06 00:13:18,0.000005591000,40000000.00000,s,l
2026-02-06 00:13:19,0.000005578000,17673000.00000,s,l
2026-02-06 00:13:19,0.000005578000,865540.07611,s,l
2026-02-06 00:13:19,0.000005571000,21461459.92389,s,l
2026-02-06 00:13:19,0.000005571000,9293042.55920,s,l
2026-02-06 00:13:19,0.000005570000,4284936.20844,s,l
2026-02-06 00:13:19,0.000005570000,26422021.23236,s,l
2026-02-06 00:13:19,0.000005570000,30709000.00000,s,l
2026-02-06 00:13:19,0.000005570000,40000000.00000,s,l
2026-02-06 00:13:19,0.000005570000,40000000.00000,s,l
2026-02-06 00:13:19,0.000005570000,37633000.00000,s,l
2026-02-06 00:13:20,0.000005571000,850896.84333,s,l
2026-02-06 00:13:20,0.000005573000,875333.73182,s,l
2026-02-06 00:13:21,0.000005565000,6750000.00000,s,l
2026-02-06 00:13:21,0.000005549000,9296643.67624,s,l
2026-02-06 00:13:21,0.000005549000,6750000.00000,s,l
2026-02-06 00:13:21,0.000005549000,275278000.00000,b,l
2026-02-06 00:13:21,0.000005549000,1.01331,b,l
2026-02-06 00:13:23,0.000005533000,6750000.00000,s,l
2026-02-06 00:13:23,0.000005533000,6750000.00000,s,l
2026-02-06 00:13:23,0.000005532000,180766449.74692,s,l
2026-02-06 00:13:23,0.000005532000,6750000.00000,s,l
2026-02-06 00:13:23,0.000005532000,242720517.28741,s,l
2026-02-06 00:13:23,0.000005532000,9468050.95243,s,l
2026-02-06 00:13:23,0.000005559000,695000.00000,s,l
2026-02-06 00:13:23,0.000005559000,822.50857,s,l
2026-02-06 00:13:25,0.000005560000,620000.00000,s,l
2026-02-06 00:13:26,0.000005560000,530.28476,s,l
2026-02-06 00:13:26,0.000005558000,509469.71524,s,l
2026-02-06 00:13:26,0.000005558000,501000.00000,s,l
2026-02-06 00:13:26,0.000005545000,500000.00000,s,l
2026-02-06 00:13:26,0.000005548000,504000.00000,s,l
2026-02-06 00:13:26,0.000005548000,971.14305,s,l
2026-02-06 00:13:26,0.000005538000,180570603.10581,s,l
2026-02-06 00:13:28,0.000005548000,540000.00000,s,l
2026-02-06 00:13:30,0.000005530000,1807000.00000,s,l
2026-02-06 00:13:30,0.000005530000,664.49747,s,l
2026-02-06 00:13:30,0.000005529000,2112085.51000,s,l
2026-02-06 00:13:30,0.000005529000,1401000.00000,s,l
2026-02-06 00:13:30,0.000005541000,528000.00000,s,l
2026-02-06 00:13:30,0.000005541000,803.14010,s,l
2026-02-06 00:13:31,0.000005529000,730.09000,s,l
2026-02-06 00:13:31,0.000005511000,6936000.00000,s,l
2026-02-06 00:13:31,0.000005511000,13172000.00000,s,l
2026-02-06 00:13:31,0.000005511000,40000000.00000,s,l
2026-02-06 00:13:31,0.000005511000,6222000.00000,s,l
2026-02-06 00:13:31,0.000005511000,23550000.00000,s,l
2026-02-06 00:13:31,0.000005511000,844.37186,s,l
2026-02-06 00:13:32,0.000005500000,2181818.18181,s,l
2026-02-06 00:13:32,0.000005500000,909090.90910,s,l
2026-02-06 00:13:32,0.000005500000,3659090.90909,s,l
2026-02-06 00:13:33,0.000005526000,6750000.00000,b,l
2026-02-06 00:13:33,0.000005527000,16250000.00000,b,l
2026-02-06 00:13:33,0.000005500000,30451818.18181,s,l
2026-02-06 00:13:33,0.000005500000,9090909.09090,s,l
2026-02-06 00:13:33,0.000005500000,509090.90909,s,l
2026-02-06 00:13:33,0.000005500000,16398181.81820,s,l
2026-02-06 00:13:33,0.000005500000,40000000.00000,s,l
2026-02-06 00:13:33,0.000005500000,14241000.00000,s,l
2026-02-06 00:13:33,0.000005500000,29360818.18180,s,l
2026-02-06 00:13:33,0.000005500000,1090181.81820,s,l
2026-02-06 00:13:33,0.000005500000,727.27270,s,l
2026-02-06 00:13:33,0.000005498000,35307272.72730,s,l
2026-02-06 00:13:35,0.000005502000,628745.33299,s,l
2026-02-06 00:13:38,0.000005544000,595235.49889,s,l
2026-02-06 00:13:38,0.000005537000,640692.61589,s,l
2026-02-06 00:13:39,0.000005518000,527268.86898,s,l
2026-02-06 00:13:39,0.000005512000,518611.71526,s,l
2026-02-06 00:13:40,0.000005529000,190911.00000,b,l
2026-02-06 00:13:42,0.000005543000,566089.54388,s,l
2026-02-06 00:13:43,0.000005550000,566089.54388,s,l
2026-02-06 00:13:46,0.000005542000,6750000.00000,b,l
2026-02-06 00:13:46,0.000005542000,3519333.26200,b,l
2026-02-06 00:13:48,0.000005518000,40000000.00000,s,l
2026-02-06 00:13:48,0.000005518000,3519000.00000,s,l
2026-02-06 00:13:48,0.000005518000,40000000.00000,s,l
2026-02-06 00:13:48,0.000005518000,40000000.00000,s,l
2026-02-06 00:13:48,0.000005518000,43519000.00000,s,l
2026-02-06 00:13:48,0.000005518000,14187000.00000,s,l
2026-02-06 00:13:48,0.000005544000,6750000.00000,b,l
2026-02-06 00:13:48,0.000005545000,6750000.00000,b,l
2026-02-06 00:13:48,0.000005545000,9197883.32200,b,l
2026-02-06 00:13:48,0.000005546000,6750000.00000,b,l
2026-02-06 00:13:48,0.000005547000,6750000.00000,b,l
2026-02-06 00:13:48,0.000005547000,76134257.64097,b,l
2026-02-06 00:13:48,0.000005547000,46925117.58000,b,l
2026-02-06 00:13:48,0.000005555000,90320000.00000,b,l
2026-02-06 00:13:48,0.000005561000,6750000.00000,b,l
2026-02-06 00:13:48,0.000005563000,6750000.00000,b,l
2026-02-06 00:13:48,0.000005563000,82461315.45703,b,l
2026-02-06 00:13:49,0.000005503000,22294000.00000,s,l
2026-02-06 00:13:49,0.000005503000,40000000.00000,s,l
2026-02-06 00:13:49,0.000005503000,40000000.00000,s,l
2026-02-06 00:13:49,0.000005503000,39425000.00000,s,l
2026-02-06 00:13:49,0.000005503000,40000000.00000,s,l
2026-02-06 00:13:51,0.000005519000,1130788.66028,s,l
2026-02-06 00:13:51,0.000005530000,11117000.00000,b,l
2026-02-06 00:13:51,0.000005542000,1130788.66028,s,l
2026-02-06 00:13:52,0.000005541000,829354.55511,s,l
2026-02-06 00:13:52,0.000005525000,6750000.00000,s,l
2026-02-06 00:13:52,0.000005524000,2306330.00000,s,l
2026-02-06 00:13:53,0.000005528000,800383.12520,s,l
2026-02-06 00:13:54,0.000005517000,609279.91013,s,l
2026-02-06 00:13:55,0.000005517000,627312.54401,s,l
2026-02-06 00:13:56,0.000005517000,605196.67724,s,l
2026-02-06 00:13:56,0.000005525000,858443.81551,s,l
2026-02-06 00:13:57,0.000005539000,660983.23503,s,l
2026-02-06 00:13:58,0.000005542000,660983.23503,s,l
2026-02-06 00:13:58,0.000005538000,660983.23503,s,l
2026-02-06 00:13:58,0.000005525000,2376516.76497,s,l
2026-02-06 00:14:00,0.000005542000,660983.23503,s,l
2026-02-06 00:14:01,0.000005499000,11692000.00000,s,l
2026-02-06 00:14:02,0.000005499000,40000000.00000,s,l
2026-02-06 00:14:02,0.000005499000,40000000.00000,s,l
2026-02-06 00:14:02,0.000005499000,40000000.00000,s,l
2026-02-06 00:14:02,0.000005501000,519996.34350,s,l
2026-02-06 00:14:03,0.000005498000,888587.05221,s,l
2026-02-06 00:14:04,0.000005489000,903219.89972,s,l
2026-02-06 00:14:04,0.000005480000,5400000.00000,s,l
2026-02-06 00:14:04,0.000005480000,34014954.22706,s,l
2026-02-06 00:14:04,0.000005480000,5400000.00000,s,l
2026-02-06 00:14:04,0.000005480000,797160.35058,s,l
2026-02-06 00:14:05,0.000005473000,835070.65916,s,l
2026-02-06 00:14:06,0.000005453000,1035880.05782,s,l
2026-02-06 00:14:06,0.000005441000,3454406.94218,s,l
2026-02-06 00:14:06,0.000005451000,954763.55364,s,l
2026-02-06 00:14:07,0.000005455000,1233497.23180,s,l
2026-02-06 00:14:07,0.000005454000,969648.87518,s,l
2026-02-06 00:14:08,0.000005447000,998223.17626,s,l
2026-02-06 00:14:08,0.000005446000,1378909.04902,s,l
2026-02-06 00:14:08,0.000005452000,1378909.04902,s,l
2026-02-06 00:14:11,0.000005460000,1925833.12887,s,l
2026-02-06 00:14:11,0.000005471000,1925833.12887,s,l
2026-02-06 00:14:13,0.000005471000,1864582.10609,s,l
2026-02-06 00:14:13,0.000005477000,1864582.10609,s,l
2026-02-06 00:14:13,0.000005477000,1864582.10609,s,l
2026-02-06 00:14:14,0.000005481000,1296264.60027,s,l
2026-02-06 00:14:14,0.000005458000,1865688.11064,s,l
2026-02-06 00:14:16,0.000005446000,1190011.89060,s,l
2026-02-06 00:14:17,0.000005421000,1266771.27633,s,l
2026-02-06 00:14:18,0.000005415000,1222610.77841,s,l
2026-02-06 00:14:18,0.000005415000,1286274.88334,s,l
2026-02-06 00:14:19,0.000005413000,1256326.58906,s,l
2026-02-06 00:14:20,0.000005429000,1060000.00000,b,l
2026-02-06 00:14:20,0.000005428000,1791426.07689,s,l
2026-02-06 00:14:20,0.000005396000,6750000.00000,s,l
2026-02-06 00:14:22,0.000005435000,6750000.00000,b,l
2026-02-06 00:14:22,0.000005436000,165562913.90728,b,l
2026-02-06 00:14:24,0.000005474000,2257873.30044,s,l
2026-02-06 00:14:24,0.000005471000,1986769.55690,s,l
2026-02-06 00:14:25,0.000005479000,2326552.48071,s,l
2026-02-06 00:14:30,0.000005431000,1267198.02125,s,l
2026-02-06 00:14:30,0.000005418000,962767.17342,s,l
2026-02-06 00:14:30,0.000005418000,962767.17342,s,l
2026-02-06 00:14:32,0.000005438000,1437543.19530,s,l
2026-02-06 00:14:33,0.000005443000,11020915.13800,b,l
2026-02-06 00:14:33,0.000005450000,1014254.39353,s,l
2026-02-06 00:14:35,0.000005428000,766828.28220,s,l
2026-02-06 00:14:36,0.000005419000,727977.05153,s,l
2026-02-06 00:14:36,0.000005411000,501450.33752,s,l
2026-02-06 00:14:37,0.000005417000,668126.12216,s,l
2026-02-06 00:14:38,0.000005409000,510400.47191,s,l
2026-02-06 00:14:38,0.000005404000,522698.03764,s,l
2026-02-06 00:14:40,0.000005387000,246422.00000,b,l
2026-02-06 00:14:40,0.000005369000,502673.15407,s,l
2026-02-06 00:14:41,0.000005360000,528797.12493,s,l
2026-02-06 00:14:41,0.000005364000,570909.41436,s,l
2026-02-06 00:14:41,0.000005368000,570909.41436,s,l
2026-02-06 00:14:42,0.000005369000,6750000.00000,b,l
2026-02-06 00:14:42,0.000005373000,9250000.00000,b,l
2026-02-06 00:14:42,0.000005343000,92060000.00000,s,m
2026-02-06 00:14:42,0.000005343000,187141099.45098,s,m
2026-02-06 00:14:42,0.000005335000,1906039.42902,s,m
2026-02-06 00:14:45,0.000005341000,599690.83384,s,l
2026-02-06 00:14:46,0.000005369000,167628981.18830,b,l
2026-02-06 00:14:46,0.000005384000,869255.92748,s,l
2026-02-06 00:14:47,0.000005383000,869255.92748,s,l
2026-02-06 00:14:48,0.000005380000,719509.41658,s,l
2026-02-06 00:14:48,0.000005376000,703759.68806,s,l
2026-02-06 00:14:49,0.000005393000,22091000.00000,b,l
2026-02-06 00:14:50,0.000005411000,719509.41658,s,l
2026-02-06 00:14:50,0.000005414000,719509.41658,s,l
2026-02-06 00:14:50,0.000005420000,719509.41658,s,l
2026-02-06 00:14:54,0.000005386000,6750000.00000,s,l
2026-02-06 00:14:57,0.000005430000,11414000.00000,b,l
2026-02-06 00:14:57,0.000005430000,450.84400,b,l
2026-02-06 00:15:05,0.000005462000,6495000.00000,b,l
2026-02-06 00:15:05,0.000005462000,40000000.00000,b,l
2026-02-06 00:15:05,0.000005462000,120000000.00000,b,l
2026-02-06 00:15:05,0.000005462000,142221000.00000,b,l
2026-02-06 00:15:05,0.000005462000,6495000.00000,b,l
2026-02-06 00:15:05,0.000005462000,632.08320,b,l
2026-02-06 00:15:09,0.000005465000,554941.51113,s,l
2026-02-06 00:15:11,0.000005474000,554941.51113,s,l
2026-02-06 00:15:11,0.000005473000,531235.80923,s,l
2026-02-06 00:15:15,0.000005429000,506516.10263,s,l
2026-02-06 00:15:15,0.000005419000,4398973.89737,s,l
2026-02-06 00:15:15,0.000005419000,3463398.00000,s,l
2026-02-06 00:15:15,0.000005419000,867129.10263,s,l
2026-02-06 00:15:15,0.000005424000,507272.83807,s,l
2026-02-06 00:15:15,0.000005419000,1023175.67683,s,l
2026-02-06 00:15:18,0.000005419000,513885.53035,s,l
2026-02-06 00:15:18,0.000005390000,140470554.09498,s,l
2026-02-06 00:15:18,0.000005382000,9259259.00000,s,l
2026-02-06 00:15:25,0.000005415000,505488.81803,s,l
2026-02-06 00:15:25,0.000005433000,740093.94788,s,l
2026-02-06 00:15:26,0.000005434000,740093.94788,s,l
2026-02-06 00:15:26,0.000005434000,740093.94788,s,l
2026-02-06 00:15:26,0.000005430000,740093.94788,s,l
2026-02-06 00:15:27,0.000005422000,557566.80835,s,l
2026-02-06 00:15:27,0.000005422000,570870.96336,s,l
2026-02-06 00:15:27,0.000005408000,2159789.76502,s,l
2026-02-06 00:15:28,0.000005407000,6493173.59784,s,l
2026-02-06 00:15:29,0.000005413000,570870.96336,s,l
2026-02-06 00:15:29,0.000005396000,6184747.85260,s,l
2026-02-06 00:15:32,0.000005376000,10202633.96400,s,l
2026-02-06 00:15:35,0.000005358000,8733744.30500,s,l
2026-02-06 00:15:35,0.000005356000,35086958.47200,s,l
2026-02-06 00:15:40,0.000005357000,17673000.00000,s,l
2026-02-06 00:15:41,0.000005349000,4548000.00000,s,l
2026-02-06 00:15:41,0.000005349000,7422000.00000,s,l
2026-02-06 00:15:41,0.000005349000,729.84200,s,l
2026-02-06 00:15:41,0.000005347000,32577270.15800,s,l
2026-02-06 00:15:42,0.000005333000,6377202.00000,s,l
2026-02-06 00:15:46,0.000005370000,22091311.24999,b,l
2026-02-06 00:15:46,0.000005372000,6750000.00000,b,l
2026-02-06 00:15:48,0.000005367000,1056566.40205,s,l
2026-02-06 00:15:48,0.000005368000,1056566.40205,s,l
2026-02-06 00:15:49,0.000005368000,1056566.40205,s,l
2026-02-06 00:15:49,0.000005365000,1056566.40205,s,l
2026-02-06 00:15:49,0.000005356000,812869.37063,s,l
2026-02-06 00:15:50,0.000005368000,1056566.40205,s,l
2026-02-06 00:15:50,0.000005365000,1056566.40205,s,l
2026-02-06 00:15:50,0.000005370000,11379941.15999,b,l
2026-02-06 00:15:50,0.000005385000,779626.22747,s,l
2026-02-06 00:15:52,0.000005383000,548152.51052,s,l
2026-02-06 00:15:52,0.000005384000,571265.46395,s,l
2026-02-06 00:15:52,0.000005360000,17673000.00000,s,l
2026-02-06 00:15:53,0.000005338000,17673000.00000,s,l
2026-02-06 00:15:54,0.000005352000,503619.36894,s,l
2026-02-06 00:15:59,0.000005368000,3375000.00000,s,l
2026-02-06 00:15:59,0.000005399000,11983000.00000,b,l
2026-02-06 00:15:59,0.000005399000,285.07000,b,l
2026-02-06 00:15:59,0.000005400000,22090714.93000,b,l
2026-02-06 00:16:02,0.000005406000,2868560.00000,s,l
2026-02-06 00:16:03,0.000005429000,528440.22208,s,l
2026-02-06 00:16:03,0.000005440000,1470047.78000,b,m
2026-02-06 00:16:03,0.000005440000,11785000.00000,b,l
2026-02-06 00:16:03,0.000005440000,237.28999,b,l
2026-02-06 00:16:03,0.000005442000,29487000.00000,b,l
2026-02-06 00:16:03,0.000005442000,33299875.57255,b,l
2026-02-06 00:16:03,0.000005442000,9306124.42745,b,l
2026-02-06 00:16:03,0.000005438000,528440.22208,s,l
2026-02-06 00:16:04,0.000005436000,500816.97323,s,l
2026-02-06 00:16:04,0.000005434000,528440.22208,s,l
2026-02-06 00:16:05,0.000005432000,510716.83159,s,l
2026-02-06 00:16:06,0.000005433000,879409.39977,s,l
2026-02-06 00:16:06,0.000005430000,662618.09142,s,l
2026-02-06 00:16:06,0.000005417000,17673048.99999,s,l
2026-02-06 00:16:06,0.000005420000,636578.93409,s,l
2026-02-06 00:16:07,0.000005430000,588779.79974,s,l
2026-02-06 00:16:08,0.000005433000,837398.56843,s,l
2026-02-06 00:16:08,0.000005431000,597934.58102,s,l
2026-02-06 00:16:08,0.000005432000,636646.75762,s,l
2026-02-06 00:16:11,0.000005410000,516186.97556,s,l
2026-02-06 00:16:11,0.000005414000,555759.91142,s,l
2026-02-06 00:16:12,0.000005412000,505673.48981,s,l
2026-02-06 00:16:13,0.000005411000,601546.15882,s,l
2026-02-06 00:16:14,0.000005399000,789231.16520,s,l
2026-02-06 00:16:14,0.000005400000,789231.16520,s,l
2026-02-06 00:16:15,0.000005396000,523256.47210,s,l
2026-02-06 00:16:15,0.000005400000,539914.33605,s,l
2026-02-06 00:16:16,0.000005389000,523736.96552,s,l
2026-02-06 00:16:16,0.000005395000,539914.33605,s,l
2026-02-06 00:16:17,0.000005387000,539914.33605,s,l
2026-02-06 00:16:17,0.000005389000,539914.33605,s,l
2026-02-06 00:16:23,0.000005387000,17673000.00000,b,l
2026-02-06 00:16:27,0.000005338000,6471545.49247,s,l
2026-02-06 00:16:49,0.000005326000,10354000.00000,s,l
2026-02-06 00:17:04,0.000005424000,8776000.00000,b,l
2026-02-06 00:17:04,0.000005424000,115.70500,b,l
2026-02-06 00:17:04,0.000005425000,3262884.29500,b,l
2026-02-06 00:17:04,0.000005425000,365400710.17504,b,l
2026-02-06 00:17:07,0.000005450000,4030000.00000,b,l
2026-02-06 00:17:07,0.000005450000,348.80181,b,l
2026-02-06 00:17:08,0.000005457000,51869000.00000,b,l
2026-02-06 00:17:08,0.000005457000,8776000.00000,b,l
2026-02-06 00:17:08,0.000005457000,80000000.00000,b,l
2026-02-06 00:17:08,0.000005457000,6793000.00000,b,l
2026-02-06 00:17:08,0.000005467000,9723000.00000,b,l
2026-02-06 00:17:11,0.000005496000,2017189.57621,b,l
2026-02-06 00:17:11,0.000005496000,8812810.42379,b,l
2026-02-06 00:17:12,0.000005496000,307.10921,b,l
2026-02-06 00:17:12,0.000005498000,179446692.89079,b,l
2026-02-06 00:17:12,0.000005498000,160000000.00000,b,l
2026-02-06 00:17:16,0.000005486000,8579204.69100,s,l
2026-02-06 00:17:16,0.000005479000,6750000.00000,s,l
2026-02-06 00:17:28,0.000005460000,768981.51715,s,l
2026-02-06 00:17:29,0.000005450000,772468.61396,s,l
2026-02-06 00:17:29,0.000005450000,164371000.00000,b,l
2026-02-06 00:17:31,0.000005457000,645000.00000,s,l
2026-02-06 00:17:31,0.000005457000,343.24320,s,l
2026-02-06 00:17:32,0.000005469000,720568.34269,s,l
2026-02-06 00:17:34,0.000005453000,833652.07933,s,l
2026-02-06 00:17:35,0.000005454000,905962.35874,s,l
2026-02-06 00:17:35,0.000005453000,905962.35874,s,l
2026-02-06 00:17:35,0.000005459000,905962.35874,s,l
2026-02-06 00:17:36,0.000005460000,905962.35874,s,l
2026-02-06 00:17:36,0.000005453000,564918.60484,s,l
2026-02-06 00:17:36,0.000005439000,6750000.00000,s,l
2026-02-06 00:17:36,0.000005429000,13990196.39516,s,l
2026-02-06 00:17:37,0.000005445000,538000.00000,s,l
2026-02-06 00:17:37,0.000005445000,157.25042,s,l
2026-02-06 00:17:38,0.000005445000,597994.21348,s,l
2026-02-06 00:17:38,0.000005446000,641000.00000,s,l
2026-02-06 00:17:38,0.000005446000,732.27166,s,l
2026-02-06 00:17:40,0.000005461000,6479000.00000,b,l
2026-02-06 00:17:45,0.000005446000,602467.74262,s,l
2026-02-06 00:17:57,0.000005432000,6479000.00000,s,l
2026-02-06 00:17:57,0.000005432000,5386000.00000,s,l
2026-02-06 00:17:57,0.000005432000,580.20000,s,l
2026-02-06 00:18:03,0.000005437000,7100000.00000,b,l
2026-02-06 00:18:04,0.000005444000,8300000.00000,b,l
2026-02-06 00:18:06,0.000005421000,5571000.00000,s,l
2026-02-06 00:18:06,0.000005421000,6140158.51400,s,l
2026-02-06 00:18:09,0.000005401000,10030000.00000,s,l
2026-02-06 00:18:12,0.000005419000,858000.00000,s,l
2026-02-06 00:18:12,0.000005419000,57.61310,s,l
2026-02-06 00:18:13,0.000005418000,858057.61310,s,l
2026-02-06 00:18:13,0.000005423000,843000.00000,s,l
2026-02-06 00:18:13,0.000005423000,505.59558,s,l
2026-02-06 00:18:14,0.000005405000,581000.00000,s,l
2026-02-06 00:18:14,0.000005405000,575000.00000,s,l
2026-02-06 00:18:15,0.000005402000,586000.00000,s,l
2026-02-06 00:18:15,0.000005408000,585000.00000,s,l
2026-02-06 00:18:15,0.000005408000,748.92457,s,l
2026-02-06 00:18:15,0.000005404000,516000.00000,s,l
2026-02-06 00:18:15,0.000005404000,750.57046,s,l
2026-02-06 00:18:15,0.000005406000,534000.00000,s,l
2026-02-06 00:18:15,0.000005406000,492.84137,s,l
2026-02-06 00:18:15,0.000005393000,527000.00000,s,l
2026-02-06 00:18:16,0.000005380000,504923.95375,s,l
2026-02-06 00:18:19,0.000005389000,594916.60161,s,l
2026-02-06 00:18:19,0.000005391000,594916.60161,s,l
2026-02-06 00:18:20,0.000005383000,511152.37935,s,l
2026-02-06 00:18:22,0.000005365000,40000000.00000,s,l
2026-02-06 00:18:22,0.000005365000,80000000.00000,s,l
2026-02-06 00:18:22,0.000005365000,18444000.00000,s,l
2026-02-06 00:18:22,0.000005365000,40000000.00000,s,l
2026-02-06 00:18:22,0.000005365000,7925000.00000,s,l
2026-02-06 00:18:22,0.000005348000,6761000.00000,s,l
2026-02-06 00:18:26,0.000005346000,7710000.00000,s,l
2026-02-06 00:18:26,0.000005335000,160000000.00000,s,l
2026-02-06 00:18:26,0.000005335000,40000000.00000,s,l
2026-02-06 00:18:26,0.000005335000,157457000.00000,s,l
2026-02-06 00:18:32,0.000005326000,10223000.00000,s,l
2026-02-06 00:18:37,0.000005346000,6750000.00000,b,l
2026-02-06 00:18:37,0.000005347000,6750000.00000,b,l
2026-02-06 00:18:37,0.000005347000,6541719.44700,b,l
2026-02-06 00:18:37,0.000005348000,6750000.00000,b,l
2026-02-06 00:18:37,0.000005350000,152504096.55300,b,l
2026-02-06 00:18:43,0.000005335000,30076000.00000,b,l
2026-02-06 00:18:43,0.000005335000,120000000.00000,b,l
2026-02-06 00:18:46,0.000005346000,6750000.00000,b,l
2026-02-06 00:18:46,0.000005346000,80000000.00000,b,l
2026-02-06 00:18:46,0.000005346000,6630000.00000,b,l
2026-02-06 00:18:46,0.000005346000,40000000.00000,b,l
2026-02-06 00:18:58,0.000005337000,6370000.00000,b,l
2026-02-06 00:18:59,0.000005337000,143526000.00000,b,l
2026-02-06 00:19:00,0.000005337000,945.84972,b,l
2026-02-06 00:19:00,0.000005341000,149784054.15028,b,l
2026-02-06 00:19:00,0.000005341000,630.36572,b,l
2026-02-06 00:19:00,0.000005345000,39999369.63428,b,l
2026-02-06 00:19:00,0.000005345000,40000000.00000,b,l
2026-02-06 00:19:00,0.000005345000,29695000.00000,b,l
2026-02-06 00:19:01,0.000005364000,40000000.00000,b,l
2026-02-06 00:19:01,0.000005364000,10305000.00000,b,l
2026-02-06 00:19:01,0.000005364000,80000000.00000,b,l
2026-02-06 00:19:02,0.000005370000,3000000.00000,b,l
2026-02-06 00:19:05,0.000005344000,7572000.00000,s,l
2026-02-06 00:19:07,0.000005323000,8499000.00000,s,l
2026-02-06 00:19:07,0.000005323000,773.98200,s,l
2026-02-06 00:19:07,0.000005321000,23928226.01800,s,l
2026-02-06 00:19:07,0.000005321000,14044000.00000,s,l
2026-02-06 00:19:07,0.000005310000,17629000.00000,s,l
2026-02-06 00:19:08,0.000005310000,213.65643,s,l
2026-02-06 00:19:14,0.000005296000,7320000.00000,s,l
2026-02-06 00:19:14,0.000005296000,79.68900,s,l
2026-02-06 00:19:14,0.000005289000,189070920.31100,s,l
2026-02-06 00:19:15,0.000005289000,737.84744,s,l
2026-02-06 00:19:15,0.000005287000,2410909.53000,s,l
2026-02-06 00:19:15,0.000005286000,7114352.62256,s,l
2026-02-06 00:19:15,0.000005286000,40000000.00000,s,l
2026-02-06 00:19:15,0.000005287000,2411639.99000,s,l
2026-02-06 00:19:15,0.000005286000,37588360.01000,s,l
2026-02-06 00:19:15,0.000005286000,19635000.00000,s,l
2026-02-06 00:19:15,0.000005286000,80000000.00000,s,l
2026-02-06 00:19:19,0.000005284000,22775000.00000,s,l
2026-02-06 00:19:19,0.000005284000,40000000.00000,s,l
2026-02-06 00:19:19,0.000005284000,40000000.00000,s,l
2026-02-06 00:19:19,0.000005284000,40000000.00000,s,l
2026-02-06 00:19:21,0.000005272000,40000000.00000,s,l
2026-02-06 00:19:21,0.000005272000,40000000.00000,s,l
2026-02-06 00:19:21,0.000005272000,69681000.00000,s,l
2026-02-06 00:19:21,0.000005272000,40000000.00000,s,l
2026-02-06 00:19:21,0.000005272000,335.35660,s,l
2026-02-06 00:19:21,0.000005271000,10318664.64340,s,l
2026-02-06 00:19:24,0.000005289000,508146.83081,s,l
2026-02-06 00:19:25,0.000005280000,512936.63977,s,l
2026-02-06 00:19:25,0.000005286000,544919.87196,s,l
2026-02-06 00:19:27,0.000005262000,550000.00000,s,l
2026-02-06 00:19:27,0.000005261000,606968.22693,s,l
2026-02-06 00:19:28,0.000005265000,6750000.00000,b,l
2026-02-06 00:19:28,0.000005266000,2722477.00000,b,l
2026-02-06 00:19:39,0.000005241000,362263759.84600,b,l
2026-02-06 00:19:39,0.000005241000,9256000.00000,b,l
2026-02-06 00:19:39,0.000005241000,767.26000,b,l
2026-02-06 00:19:41,0.000005227000,7801000.00000,s,l
2026-02-06 00:19:41,0.000005227000,3977000.00000,s,l
2026-02-06 00:19:41,0.000005227000,92.04300,s,l
2026-02-06 00:19:47,0.000005187000,10751000.00000,s,l
2026-02-06 00:19:47,0.000005185000,36231000.00000,s,l
2026-02-06 00:19:48,0.000005164000,2387000.00000,s,l
2026-02-06 00:19:48,0.000005164000,279.99000,s,l
2026-02-06 00:19:48,0.000005163000,2387279.99000,s,l
2026-02-06 00:19:48,0.000005163000,2410440.02000,s,l
2026-02-06 00:19:49,0.000005153000,2410452.02000,s,l
2026-02-06 00:19:49,0.000005153000,2409547.98000,s,l
2026-02-06 00:19:49,0.000005144000,30269000.00000,s,l
2026-02-06 00:19:49,0.000005144000,30269000.00000,s,l
2026-02-06 00:19:52,0.000005195000,3603477.00000,b,l
2026-02-06 00:19:53,0.000005194000,529220.57936,s,l
2026-02-06 00:19:54,0.000005178000,1131610.29423,s,l
2026-02-06 00:19:54,0.000005179000,9113894.48400,s,m
2026-02-06 00:19:54,0.000005178000,385117906.89387,s,m
2026-02-06 00:19:54,0.000005177000,378275601.46460,s,m
2026-02-06 00:19:54,0.000005177000,8048524.47706,s,m
2026-02-06 00:19:54,0.000005177000,39911134.96600,s,m
2026-02-06 00:19:54,0.000005175000,95960000.00000,s,m
2026-02-06 00:19:54,0.000005175000,6750000.00000,s,m
2026-02-06 00:19:56,0.000005146000,381858.06421,s,m
2026-02-06 00:19:56,0.000005146000,6368141.93579,s,m
2026-02-06 00:19:56,0.000005145000,25995157.41546,s,m
2026-02-06 00:19:56,0.000005145000,1851000.00000,s,m
2026-02-06 00:19:56,0.000005145000,851.85185,s,m
2026-02-06 00:19:56,0.000005145000,10709000.00000,s,m
2026-02-06 00:19:56,0.000005145000,198000.00000,s,m
2026-02-06 00:19:56,0.000005145000,171.40487,s,m
2026-02-06 00:19:56,0.000005145000,4184925.00000,s,m
2026-02-06 00:19:56,0.000005145000,2219000.00000,s,m
2026-02-06 00:19:56,0.000005145000,4389477.16743,s,m
2026-02-06 00:19:56,0.000005145000,5854749.51203,s,m
2026-02-06 00:19:56,0.000005145000,2610996.76000,s,m
2026-02-06 00:19:56,0.000005145000,11239000.00000,s,m
2026-02-06 00:19:56,0.000005145000,982.87517,s,m
2026-02-06 00:19:56,0.000005145000,1835000.00000,s,m
2026-02-06 00:19:59,0.000005150000,3146000.00000,s,l
2026-02-06 00:20:01,0.000005210000,30269000.00000,b,l
2026-02-06 00:20:01,0.000005210000,80000000.00000,b,l
2026-02-06 00:20:01,0.000005210000,3281000.00000,b,l
2026-02-06 00:20:01,0.000005210000,40000000.00000,b,l
2026-02-06 00:20:02,0.000005224000,116719000.00000,b,l
2026-02-06 00:20:03,0.000005225000,6750000.00000,s,l
2026-02-06 00:20:03,0.000005224000,1200270.68029,s,l
2026-02-06 00:20:03,0.000005224000,145206000.00000,b,l
2026-02-06 00:20:03,0.000005237000,14794000.00000,b,l
2026-02-06 00:20:03,0.000005237000,40000000.00000,b,l
2026-02-06 00:20:03,0.000005237000,97965213.29005,b,l
2026-02-06 00:20:03,0.000005237000,62034786.70995,b,l
2026-02-06 00:20:03,0.000005237000,40000000.00000,b,l
2026-02-06 00:20:03,0.000005237000,40000000.00000,b,l
2026-02-06 00:20:03,0.000005237000,40000000.00000,b,l
2026-02-06 00:20:03,0.000005237000,7104000.00000,b,l
2026-02-06 00:20:03,0.000005237000,32896000.00000,b,l
2026-02-06 00:20:04,0.000005237000,40000000.00000,b,l
2026-02-06 00:20:04,0.000005237000,40000000.00000,b,l
2026-02-06 00:20:04,0.000005237000,40000000.00000,b,l
2026-02-06 00:20:04,0.000005237000,109138000.00000,b,l
2026-02-06 00:20:04,0.000005224000,1782970.89651,s,l
2026-02-06 00:20:04,0.000005219000,151527000.00000,b,l
2026-02-06 00:20:05,0.000005204000,16891000.00000,s,l
2026-02-06 00:20:05,0.000005204000,978.51001,s,l
2026-02-06 00:20:05,0.000005202000,192218021.48999,s,l
2026-02-06 00:20:05,0.000005202000,1929.34269,s,l
2026-02-06 00:20:05,0.000005197000,1278000.00000,s,l
2026-02-06 00:20:06,0.000005178000,5471000.00000,s,l
2026-02-06 00:20:06,0.000005178000,12202048.99999,s,l
2026-02-06 00:20:12,0.000005183000,1853065.02488,s,l
2026-02-06 00:20:12,0.000005178000,118146934.97512,s,l
2026-02-06 00:20:12,0.000005178000,7826000.00000,s,l
2026-02-06 00:20:12,0.000005178000,40000000.00000,s,l
2026-02-06 00:20:12,0.000005178000,27136000.00000,s,l
2026-02-06 00:20:15,0.000005162000,9782000.00000,s,l
2026-02-06 00:20:15,0.000005162000,173.07800,s,l
2026-02-06 00:20:15,0.000005160000,33705826.92200,s,l
2026-02-06 00:20:18,0.000005145000,2142000.00000,s,l
2026-02-06 00:20:19,0.000005145000,495.91974,s,l
2026-02-06 00:20:19,0.000005138000,2009000.00000,s,l
2026-02-06 00:20:19,0.000005138000,256.16179,s,l
2026-02-06 00:20:19,0.000005138000,2108743.83821,s,l
2026-02-06 00:20:19,0.000005138000,23.64776,s,l
2026-02-06 00:20:19,0.000005149000,2848000.00000,s,l
2026-02-06 00:20:19,0.000005149000,55.06516,s,l
2026-02-06 00:20:19,0.000005145000,8473000.00000,s,l
2026-02-06 00:20:19,0.000005145000,95.87000,s,l
2026-02-06 00:20:20,0.000005141000,2556000.00000,s,l
2026-02-06 00:20:20,0.000005141000,8.77621,s,l
2026-02-06 00:20:20,0.000005125000,40000000.00000,s,l
2026-02-06 00:20:20,0.000005125000,120000000.00000,s,l
2026-02-06 00:20:20,0.000005125000,2669000.00000,s,l
2026-02-06 00:20:20,0.000005125000,32452000.00000,s,l
2026-02-06 00:20:21,0.000005147000,2848000.00000,s,l
2026-02-06 00:20:21,0.000005147000,55.06516,s,l
2026-02-06 00:20:21,0.000005142000,2688000.00000,s,l
2026-02-06 00:20:21,0.000005142000,537.84158,s,l
2026-02-06 00:20:21,0.000005145000,2688000.00000,s,l
2026-02-06 00:20:22,0.000005160000,2490000.00000,s,l
2026-02-06 00:20:22,0.000005167000,32452000.00000,b,l
2026-02-06 00:20:22,0.000005167000,80000000.00000,b,l
2026-02-06 00:20:22,0.000005167000,42376000.00000,b,l
2026-02-06 00:20:23,0.000005187000,10433000.00000,b,l
2026-02-06 00:20:24,0.000005181000,1805689.23547,s,l
2026-02-06 00:20:26,0.000005152000,6000000.00000,b,l
2026-02-06 00:20:27,0.000005154000,2439000.00000,s,l
2026-02-06 00:20:27,0.000005141000,1688450.28901,s,l
2026-02-06 00:20:28,0.000005155000,2099000.00000,s,l
2026-02-06 00:20:28,0.000005155000,138.10922,s,l
2026-02-06 00:20:29,0.000005137000,1470674.34077,s,l
2026-02-06 00:20:29,0.000005134000,9478325.65923,s,l
2026-02-06 00:20:30,0.000005126000,1639446.75489,s,l
2026-02-06 00:20:30,0.000005121000,1049553.24511,s,l
2026-02-06 00:20:31,0.000005161000,1757251.01525,s,l
2026-02-06 00:20:33,0.000005180000,1196678.56672,s,l
2026-02-06 00:20:33,0.000005172000,2232000.00000,s,l
2026-02-06 00:20:33,0.000005172000,454.72823,s,l
2026-02-06 00:20:36,0.000005180000,2793000.00000,s,l
2026-02-06 00:20:36,0.000005180000,123.85124,s,l
2026-02-06 00:20:38,0.000005181000,6000000.00000,b,l
2026-02-06 00:20:38,0.000005181000,3949732.78200,b,l
2026-02-06 00:20:38,0.000005181000,34190267.21800,b,l
2026-02-06 00:20:38,0.000005181000,40000000.00000,b,l
2026-02-06 00:20:38,0.000005181000,40000000.00000,b,l
2026-02-06 00:20:43,0.000005192000,2302551.28070,s,l
2026-02-06 00:20:44,0.000005198000,40000000.00000,b,l
2026-02-06 00:20:44,0.000005198000,80000000.00000,b,l
2026-02-06 00:20:44,0.000005199000,8709000.00000,b,l
2026-02-06 00:20:45,0.000005190000,154202967.47189,s,l
2026-02-06 00:20:45,0.000005190000,327490000.00000,s,l
2026-02-06 00:20:45,0.000005190000,744.72811,s,l
2026-02-06 00:20:45,0.000005173000,1336354.97986,s,l
2026-02-06 00:20:45,0.000005168000,25918645.02014,s,l
2026-02-06 00:20:45,0.000005168000,8709000.00000,s,l
2026-02-06 00:20:45,0.000005168000,533.08886,s,l
2026-02-06 00:20:47,0.000005176000,1346458.90948,s,l
2026-02-06 00:20:48,0.000005167000,2004000.00000,s,l
2026-02-06 00:20:48,0.000005167000,532.46979,s,l
2026-02-06 00:20:48,0.000005169000,1670974.22752,s,l
2026-02-06 00:20:50,0.000005154000,194024058.98331,s,l
2026-02-06 00:20:51,0.000005170000,23283000.00000,b,l
2026-02-06 00:20:51,0.000005170000,40000000.00000,b,l
2026-02-06 00:20:51,0.000005170000,40000000.00000,b,l
2026-02-06 00:20:51,0.000005170000,40000000.00000,b,l
2026-02-06 00:20:51,0.000005183000,1160967.25023,s,l
2026-02-06 00:20:53,0.000005192000,40000000.00000,b,l
2026-02-06 00:20:53,0.000005192000,40000000.00000,b,l
2026-02-06 00:20:53,0.000005192000,40000000.00000,b,l
2026-02-06 00:20:53,0.000005193000,9622000.00000,b,l
2026-02-06 00:20:55,0.000005195000,707599.74850,s,l
2026-02-06 00:20:56,0.000005177000,734871.62001,s,l
2026-02-06 00:20:57,0.000005143000,6750000.00000,s,l
2026-02-06 00:20:57,0.000005140000,2898784.00000,s,l
2026-02-06 00:20:57,0.000005141000,3000000.00000,s,l
2026-02-06 00:20:57,0.000005174000,848889.35455,s,l
2026-02-06 00:21:00,0.000005197000,11377000.00000,b,l
2026-02-06 00:21:01,0.000005211000,19001000.00000,b,l
2026-02-06 00:21:01,0.000005211000,40000000.00000,b,l
2026-02-06 00:21:01,0.000005211000,40000000.00000,b,l
2026-02-06 00:21:01,0.000005211000,35330000.00000,b,l
2026-02-06 00:21:03,0.000005216000,525000.00000,s,l
2026-02-06 00:21:04,0.000005212000,500894.15575,s,l
2026-02-06 00:21:04,0.000005199000,87186258.00000,s,l
2026-02-06 00:21:06,0.000005209000,525000.00000,s,l
2026-02-06 00:21:06,0.000005209000,999.56993,s,l
2026-02-06 00:21:07,0.000005208000,505098.94594,s,l
2026-02-06 00:21:09,0.000005222000,10725766.29300,b,l
2026-02-06 00:21:09,0.000005222000,29274233.70700,b,l
2026-02-06 00:21:09,0.000005222000,4670000.00000,b,l
2026-02-06 00:21:10,0.000005237000,819.93507,b,l
2026-02-06 00:21:10,0.000005242000,39999180.06493,b,l
2026-02-06 00:21:10,0.000005242000,93537000.00000,b,l
2026-02-06 00:21:10,0.000005242000,637.94346,b,l
2026-02-06 00:21:10,0.000005242000,8425362.05654,b,l
2026-02-06 00:21:10,0.000005242000,1278.61046,b,l
2026-02-06 00:21:10,0.000005242000,18035721.38954,b,l
2026-02-06 00:21:10,0.000005242000,40000000.00000,b,l
2026-02-06 00:21:10,0.000005242000,35500000.00000,b,l
2026-02-06 00:21:10,0.000005242000,40000000.00000,b,l
2026-02-06 00:21:13,0.000005251000,1185103.72927,s,l
2026-02-06 00:21:13,0.000005248000,84500000.00000,b,l
2026-02-06 00:21:14,0.000005256000,1185103.72927,s,l
2026-02-06 00:21:19,0.000005283000,132500473.21597,b,l
2026-02-06 00:21:25,0.000005324000,550000.00000,b,l
2026-02-06 00:21:37,0.000005330000,8986000.00000,b,l
2026-02-06 00:21:37,0.000005330000,47958000.00000,b,l
2026-02-06 00:21:37,0.000005330000,9855000.00000,b,l
2026-02-06 00:21:37,0.000005330000,16608000.00000,b,l
2026-02-06 00:21:37,0.000005330000,21903000.00000,b,l
2026-02-06 00:21:37,0.000005330000,7962000.00000,b,l
2026-02-06 00:21:37,0.000005330000,17055000.00000,b,l
2026-02-06 00:21:37,0.000005332000,271960.00000,b,l
2026-02-06 00:21:37,0.000005332000,21411000.00000,b,l
2026-02-06 00:21:37,0.000005332000,9712000.00000,b,l
2026-02-06 00:21:37,0.000005332000,90465000.00000,b,l
2026-02-06 00:21:38,0.000005345000,12048000.00000,b,l
2026-02-06 00:21:45,0.000005311000,2760248.96000,s,l
2026-02-06 00:21:49,0.000005343000,9570076.37700,b,l
2026-02-06 00:21:49,0.000005343000,3043286.62300,b,l
2026-02-06 00:21:51,0.000005344000,13412000.00000,b,l
2026-02-06 00:21:51,0.000005344000,9534000.00000,b,l
2026-02-06 00:21:51,0.000005344000,37118000.00000,b,l
2026-02-06 00:21:51,0.000005344000,3868000.00000,b,l
2026-02-06 00:21:51,0.000005344000,18019000.00000,b,l
2026-02-06 00:21:51,0.000005344000,49056033.15624,b,l
2026-02-06 00:21:51,0.000005345000,2760248.96000,b,l
2026-02-06 00:22:00,0.000005334000,217405.00000,b,l
2026-02-06 00:22:05,0.000005296000,9410088.31700,s,l
2026-02-06 00:22:05,0.000005294000,40227176.07300,s,l
2026-02-06 00:22:05,0.000005298000,31017000.00000,s,l
2026-02-06 00:22:05,0.000005298000,994.21165,s,l
2026-02-06 00:22:11,0.000005269000,1745000.00000,s,l
2026-02-06 00:22:11,0.000005254000,2215455.00000,s,l
2026-02-06 00:22:12,0.000005253000,12544000.00000,s,l
2026-02-06 00:22:19,0.000005303000,2760248.96000,b,l
2026-02-06 00:22:25,0.000005314000,1494336.41000,b,l
2026-02-06 00:22:30,0.000005272000,114576000.00000,s,l
2026-02-06 00:22:37,0.000005275000,1525253.59158,s,l
2026-02-06 00:22:37,0.000005274000,41850.63149,s,l
2026-02-06 00:22:42,0.000005308000,39471000.00000,b,l
2026-02-06 00:22:42,0.000005308000,40000000.00000,b,l
2026-02-06 00:22:45,0.000005322000,129203139.63629,b,l
2026-02-06 00:22:45,0.000005323000,9414000.00000,b,l
2026-02-06 00:22:54,0.000005291000,1891000.00000,s,l
2026-02-06 00:22:59,0.000005327000,181853.00000,b,l
2026-02-06 00:23:07,0.000005341000,131061598.95150,b,l
2026-02-06 00:23:07,0.000005341000,8475303.47800,b,l
2026-02-06 00:23:07,0.000005343000,2760000.00000,b,l
2026-02-06 00:23:08,0.000005343000,248.96000,b,l
2026-02-06 00:23:10,0.000005358000,40000000.00000,b,l
2026-02-06 00:23:10,0.000005358000,69717000.00000,b,l
2026-02-06 00:23:10,0.000005358000,11956374.11500,b,l
2026-02-06 00:23:15,0.000005369000,1756659.12292,b,l
2026-02-06 00:23:24,0.000005303000,2760000.00000,s,l
2026-02-06 00:23:33,0.000005312000,112951807.22891,b,l
2026-02-06 00:23:42,0.000005309000,40827843.64584,b,l
2026-02-06 00:23:43,0.000005321000,2040520.06247,b,l
2026-02-06 00:23:47,0.000005314000,12683265.75220,b,l
2026-02-06 00:23:49,0.000005293000,9196000.00000,s,l
2026-02-06 00:23:49,0.000005293000,3487000.00000,s,l
2026-02-06 00:23:53,0.000005309000,182196.00000,b,l
2026-02-06 00:24:00,0.000005321000,6750000.00000,b,l
2026-02-06 00:24:00,0.000005322000,6750000.00000,b,l
2026-02-06 00:24:00,0.000005322000,107999725.55166,b,l
2026-02-06 00:24:01,0.000005321000,7387201.97265,b,l
2026-02-06 00:24:01,0.000005321000,4921378.88795,b,l
2026-02-06 00:24:02,0.000005322000,1147000.00000,b,l
2026-02-06 00:24:06,0.000005355000,3487000.00000,b,l
2026-02-06 00:24:06,0.000005355000,18604000.00000,b,l
2026-02-06 00:24:06,0.000005355000,311.24999,b,l
2026-02-06 00:24:06,0.000005356000,39999688.75001,b,l
2026-02-06 00:24:06,0.000005356000,21396000.00000,b,l
2026-02-06 00:24:06,0.000005356000,40000000.00000,b,l
2026-02-06 00:24:07,0.000005355000,1677917.93706,b,l
2026-02-06 00:24:09,0.000005354000,8318959.72389,b,l
2026-02-06 00:24:10,0.000005354000,687285.47033,b,l
2026-02-06 00:24:15,0.000005349000,17673000.00000,s,l
2026-02-06 00:24:20,0.000005337000,6096000.00000,s,l
2026-02-06 00:24:48,0.000005331000,9811608.37705,b,l
2026-02-06 00:24:50,0.000005324000,2830315.00000,b,l
2026-02-06 00:25:05,0.000005310000,40000000.00000,s,l
2026-02-06 00:25:05,0.000005310000,16231000.00000,s,l
2026-02-06 00:25:05,0.000005310000,40000000.00000,s,l
2026-02-06 00:25:05,0.000005310000,160000000.00000,s,l
2026-02-06 00:25:05,0.000005310000,40000000.00000,s,l
2026-02-06 00:25:05,0.000005310000,40000000.00000,s,l
2026-02-06 00:25:05,0.000005310000,40000000.00000,s,l
2026-02-06 00:25:05,0.000005310000,80000000.00000,s,l
2026-02-06 00:25:05,0.000005310000,14135000.00000,s,l
2026-02-06 00:25:12,0.000005334000,628046.49000,b,l
2026-02-06 00:25:16,0.000005343000,2760000.00000,b,l
2026-02-06 00:25:16,0.000005351000,440000.00000,b,l
2026-02-06 00:25:22,0.000005310000,25865000.00000,s,l
2026-02-06 00:25:22,0.000005310000,40000000.00000,s,l
2026-02-06 00:25:22,0.000005310000,80000000.00000,s,l
2026-02-06 00:25:22,0.000005310000,200000000.00000,s,l
2026-02-06 00:25:22,0.000005310000,40000000.00000,s,l
2026-02-06 00:25:22,0.000005310000,40000000.00000,s,l
2026-02-06 00:25:23,0.000005303000,2760000.00000,s,l
2026-02-06 00:25:48,0.000005322000,2760000.00000,b,l
2026-02-06 00:25:48,0.000005322000,19331000.00000,b,l
2026-02-06 00:26:00,0.000005332000,20669000.00000,b,l
2026-02-06 00:26:00,0.000005332000,40000000.00000,b,l
2026-02-06 00:26:00,0.000005332000,40000000.00000,b,l
2026-02-06 00:26:00,0.000005332000,11859000.00000,b,l
2026-02-06 00:26:00,0.000005333000,10170000.00000,b,l
2026-02-06 00:26:01,0.000005339000,17971000.00000,b,l
2026-02-06 00:26:01,0.000005339000,40000000.00000,b,l
2026-02-06 00:26:01,0.000005343000,2760000.00000,b,l
2026-02-06 00:26:02,0.000005350000,37240000.00000,b,l
2026-02-06 00:26:02,0.000005350000,40000000.00000,b,l
2026-02-06 00:26:03,0.000005351000,40000000.00000,b,l
2026-02-06 00:26:03,0.000005351000,40000000.00000,b,l
2026-02-06 00:26:03,0.000005351000,17818000.00000,b,l
2026-02-06 00:26:03,0.000005351000,22182000.00000,b,l
2026-02-06 00:26:03,0.000005351000,22182000.00000,b,l
2026-02-06 00:26:03,0.000005351000,963.92000,b,l
2026-02-06 00:26:09,0.000005381000,17818000.00000,b,l
2026-02-06 00:26:09,0.000005381000,40000000.00000,b,l
2026-02-06 00:26:09,0.000005381000,40000000.00000,b,l
2026-02-06 00:26:09,0.000005381000,13685000.00000,b,l
2026-02-06 00:26:13,0.000005358000,17673048.99999,s,l
2026-02-06 00:26:14,0.000005366000,2609175.00000,b,l
2026-02-06 00:26:17,0.000005384000,2760248.96000,b,l
2026-02-06 00:26:17,0.000005384000,1239751.04000,b,l
2026-02-06 00:26:17,0.000005383000,4000000.00000,b,l
2026-02-06 00:26:18,0.000005395000,3200000.00000,b,l
2026-02-06 00:26:19,0.000005377000,9046000.00000,s,l
2026-02-06 00:26:25,0.000005349000,9480000.00000,s,l
2026-02-06 00:26:26,0.000005344000,2760000.00000,s,l
2026-02-06 00:26:27,0.000005344000,248.96000,s,l
2026-02-06 00:26:28,0.000005344000,10394000.00000,s,l
2026-02-06 00:26:28,0.000005344000,520.39000,s,l
2026-02-06 00:26:28,0.000005343000,10545479.61000,s,l
2026-02-06 00:26:42,0.000005303000,2760000.00000,s,l
2026-02-06 00:26:42,0.000005303000,9463000.00000,s,l
2026-02-06 00:26:42,0.000005301000,39236000.00000,s,l
2026-02-06 00:26:42,0.000005298000,3913000.00000,s,l
2026-02-06 00:27:00,0.000005325000,15349000.00000,s,l
2026-02-06 00:27:00,0.000005325000,904.41584,s,l
2026-02-06 00:27:00,0.000005325000,10603000.00000,s,l
2026-02-06 00:27:00,0.000005325000,19.44296,s,l
2026-02-06 00:27:01,0.000005322000,15349000.00000,s,l
2026-02-06 00:27:01,0.000005322000,904.41584,s,l
2026-02-06 00:27:01,0.000005321000,15349000.00000,s,l
2026-02-06 00:27:01,0.000005321000,904.41584,s,l
2026-02-06 00:27:01,0.000005321000,15287095.58416,s,l
2026-02-06 00:27:01,0.000005321000,1186.84372,s,l
2026-02-06 00:27:01,0.000005318000,11631000.00000,s,l
2026-02-06 00:27:01,0.000005318000,40.25425,s,l
2026-02-06 00:27:02,0.000005309000,10951000.00000,s,l
2026-02-06 00:27:24,0.000005343000,2760000.00000,b,l
2026-02-06 00:27:36,0.000005317000,8419000.00000,s,l
2026-02-06 00:27:47,0.000005333000,11400923.22300,b,l
2026-02-06 00:27:52,0.000005340000,112359550.56179,b,l
2026-02-06 00:27:57,0.000005340000,28966775.80000,b,l
2026-02-06 00:28:05,0.000005355000,11064000.00000,b,l
2026-02-06 00:28:22,0.000005303000,2760000.00000,s,l
2026-02-06 00:28:22,0.000005303000,21452000.00000,s,l
2026-02-06 00:28:22,0.000005303000,40000000.00000,s,l
2026-02-06 00:28:23,0.000005293000,35612000.00000,s,l
2026-02-06 00:28:27,0.000005291000,10303542.60600,s,l
2026-02-06 00:28:27,0.000005291000,29696457.39400,s,l
2026-02-06 00:28:27,0.000005291000,40000000.00000,s,l
2026-02-06 00:28:27,0.000005291000,4388000.00000,s,l
2026-02-06 00:28:27,0.000005291000,40000000.00000,s,l
2026-02-06 00:28:27,0.000005291000,34894000.00000,s,l
2026-02-06 00:28:29,0.000005309000,1243209.64000,b,l
2026-02-06 00:28:48,0.000005325000,8905000.00000,b,l
2026-02-06 00:29:02,0.000005344000,10417000.00000,b,l
2026-02-06 00:29:06,0.000005367000,15572000.00000,b,l
2026-02-06 00:29:06,0.000005367000,2382000.00000,b,l
2026-02-06 00:29:06,0.000005367000,4137311.24999,b,l
2026-02-06 00:29:06,0.000005367000,11434688.75001,b,l
2026-02-06 00:29:21,0.000005344000,17647608.67999,b,l
2026-02-06 00:29:21,0.000005344000,4398391.32001,b,l
2026-02-06 00:29:21,0.000005344000,5838000.00000,b,l
2026-02-06 00:29:24,0.000005349000,8144000.00000,b,l
2026-02-06 00:29:32,0.000005353000,8835000.00000,b,l
2026-02-06 00:29:35,0.000005361000,11589000.00000,b,l
2026-02-06 00:29:41,0.000005367000,2645305.81000,b,l
2026-02-06 00:29:51,0.000005356000,5594000.00000,b,l
2026-02-06 00:29:55,0.000005375000,8393000.00000,b,l
2026-02-06 00:30:09,0.000005369000,3600000.00000,s,l
2026-02-06 00:30:19,0.000005342000,8393000.00000,s,l
2026-02-06 00:30:19,0.000005342000,9280048.99999,s,l
2026-02-06 00:30:24,0.000005348000,6750000.00000,s,l
2026-02-06 00:30:26,0.000005363000,6750000.00000,s,l
2026-02-06 00:30:29,0.000005355000,17673000.00000,s,l
2026-02-06 00:30:33,0.000005344000,2760000.00000,s,l
2026-02-06 00:30:41,0.000005384000,2760000.00000,b,l
2026-02-06 00:31:00,0.000005367000,22091311.24999,b,l
2026-02-06 00:31:07,0.000005392000,13254737.74999,b,l
2026-02-06 00:31:07,0.000005401000,3824000.00000,b,l
2026-02-06 00:31:07,0.000005401000,387.43409,b,l
2026-02-06 00:31:09,0.000005408000,3037500.00000,s,l
2026-02-06 00:31:13,0.000005424000,2760000.00000,b,l
2026-02-06 00:31:13,0.000005424000,248.96000,b,l
2026-02-06 00:31:17,0.000005405000,12547000.00000,s,l
2026-02-06 00:31:17,0.000005405000,5126048.99999,s,l
2026-02-06 00:31:18,0.000005397000,17673000.00000,s,l
2026-02-06 00:31:49,0.000005436000,3448877.85000,b,l
2026-02-06 00:32:09,0.000005389000,6613031.22078,s,l
2026-02-06 00:32:09,0.000005388000,6750000.00000,s,l
2026-02-06 00:32:09,0.000005388000,34283050.77922,s,l
2026-02-06 00:32:10,0.000005383000,2760000.00000,s,l
2026-02-06 00:32:10,0.000005383000,248.96000,s,l
2026-02-06 00:32:11,0.000005378000,6750000.00000,s,l
2026-02-06 00:32:11,0.000005378000,149247.18720,s,l
2026-02-06 00:32:12,0.000005371000,5362000.00000,s,l
2026-02-06 00:32:12,0.000005371000,1182000.00000,s,l
2026-02-06 00:32:15,0.000005390000,259286.00000,b,l
2026-02-06 00:33:05,0.000005423000,2760000.00000,b,l
2026-02-06 00:33:06,0.000005423000,248.96000,b,l
2026-02-06 00:33:20,0.000005451000,1756659.12292,b,l
2026-02-06 00:33:23,0.000005463000,2760000.00000,b,l
2026-02-06 00:33:24,0.000005463000,248.96000,b,l
2026-02-06 00:33:26,0.000005483000,3824000.00000,b,l
2026-02-06 00:33:27,0.000005483000,387.43409,b,l
2026-02-06 00:34:00,0.000005492000,182083029.86161,b,l
2026-02-06 00:34:01,0.000005501000,21312000.00000,b,l
2026-02-06 00:34:01,0.000005501000,40000000.00000,b,l
2026-02-06 00:34:01,0.000005501000,40000000.00000,b,l
2026-02-06 00:34:01,0.000005501000,40000000.00000,b,l
2026-02-06 00:34:01,0.000005503000,2760000.00000,b,l
2026-02-06 00:34:01,0.000005503000,248.96000,b,l
2026-02-06 00:34:01,0.000005504000,49901751.04000,b,l
2026-02-06 00:34:16,0.000005502000,129203139.63629,b,l
2026-02-06 00:34:18,0.000005505000,22091311.24999,b,m
2026-02-06 00:34:18,0.000005506000,139332969.48783,b,m
2026-02-06 00:34:24,0.000005535000,1756659.12292,b,l
2026-02-06 00:34:24,0.000005536000,6750000.00000,b,l
2026-02-06 00:34:24,0.000005537000,6750000.00000,b,l
2026-02-06 00:34:24,0.000005537000,270935963.26826,b,l
2026-02-06 00:34:24,0.000005538000,6750000.00000,b,l
2026-02-06 00:34:24,0.000005538000,523567377.60882,b,l
2026-02-06 00:34:24,0.000005538000,441198015.76037,b,l
2026-02-06 00:34:24,0.000005539000,6750000.00000,b,l
2026-02-06 00:34:24,0.000005541000,286911984.23963,b,l
2026-02-06 00:34:24,0.000005542000,2760000.00000,b,l
2026-02-06 00:34:24,0.000005542000,248.96000,b,l
2026-02-06 00:34:32,0.000005557000,13500000.00000,b,l
2026-02-06 00:34:32,0.000005557000,6651000.00000,b,l
2026-02-06 00:34:35,0.000005564000,6491000.00000,b,l
2026-02-06 00:34:35,0.000005565000,3824000.00000,b,l
2026-02-06 00:34:36,0.000005565000,387.43409,b,l
2026-02-06 00:34:36,0.000005571000,26084612.56591,b,l
2026-02-06 00:34:36,0.000005571000,40000000.00000,b,l
2026-02-06 00:34:36,0.000005571000,40000000.00000,b,l
2026-02-06 00:34:36,0.000005571000,40000000.00000,b,l
2026-02-06 00:34:36,0.000005571000,33416000.00000,b,l
2026-02-06 00:34:41,0.000005582000,2760000.00000,b,l
2026-02-06 00:34:41,0.000005582000,248.96000,b,l
2026-02-06 00:34:57,0.000005575000,11155000.00000,b,l
2026-02-06 00:34:57,0.000005575000,40000000.00000,b,l
2026-02-06 00:34:57,0.000005575000,40000000.00000,b,l
2026-02-06 00:34:57,0.000005575000,40000000.00000,b,l
2026-02-06 00:34:57,0.000005575000,80000000.00000,b,l
2026-02-06 00:35:02,0.000005591000,30107911.52447,b,l
2026-02-06 00:35:13,0.000005605000,72682000.00000,b,l
2026-02-06 00:35:13,0.000005605000,28665000.00000,b,l
2026-02-06 00:35:13,0.000005605000,57941000.00000,b,l
2026-02-06 00:35:13,0.000005605000,9173000.00000,b,l
2026-02-06 00:35:13,0.000005605000,10585000.00000,b,l
2026-02-06 00:35:13,0.000005605000,16075000.00000,b,l
2026-02-06 00:35:13,0.000005605000,14901000.00000,b,l
2026-02-06 00:35:23,0.000005619000,129203139.63629,b,l
2026-02-06 00:35:33,0.000005607000,28546000.00000,b,l
2026-02-06 00:35:33,0.000005607000,25389000.00000,b,l
2026-02-06 00:35:33,0.000005607000,140993000.00000,b,l
2026-02-06 00:35:33,0.000005607000,15212000.00000,b,l
2026-02-06 00:35:35,0.000005608000,89190000.00000,b,l
2026-02-06 00:35:41,0.000005593000,129203139.63629,b,l
2026-02-06 00:35:55,0.000005605000,18412000.00000,s,l
2026-02-06 00:35:55,0.000005605000,160000132.02497,s,l
2026-02-06 00:35:55,0.000005604000,77521049.11820,s,l
2026-02-06 00:35:58,0.000005600000,9821000.00000,s,l
2026-02-06 00:36:02,0.000005609000,19727000.00000,b,l
2026-02-06 00:36:02,0.000005609000,113527000.00000,b,l
2026-02-06 00:36:02,0.000005609000,20936000.00000,b,l
2026-02-06 00:36:02,0.000005609000,26254000.00000,b,l
2026-02-06 00:36:02,0.000005609000,5755000.00000,b,l
2026-02-06 00:36:05,0.000005620000,1756659.12292,b,l
2026-02-06 00:36:05,0.000005621000,2760248.96000,b,l
2026-02-06 00:36:17,0.000005623000,17673000.00000,s,l
2026-02-06 00:36:19,0.000005611000,13254000.00000,s,l
2026-02-06 00:36:19,0.000005611000,884.24999,s,l
2026-02-06 00:36:19,0.000005609000,20840000.00000,s,l
2026-02-06 00:36:19,0.000005609000,260000.00000,s,l
2026-02-06 00:36:20,0.000005600000,428.57142,s,l
2026-02-06 00:36:35,0.000005617000,178030977.39007,b,m
2026-02-06 00:36:37,0.000005617000,17242.90402,b,l
2026-02-06 00:36:43,0.000005629000,209800000.00000,b,l
2026-02-06 00:36:44,0.000005633000,17164391.00000,b,l
2026-02-06 00:36:48,0.000005630000,89342806.39431,b,l
2026-02-06 00:37:15,0.000005649000,3824387.43409,b,l
2026-02-06 00:37:16,0.000005655000,176834659.59328,b,l
2026-02-06 00:37:16,0.000005659000,33371079.28132,b,l
2026-02-06 00:37:16,0.000005660000,21320084.59837,b,l
2026-02-06 00:37:16,0.000005661000,2760248.96000,b,l
2026-02-06 00:37:16,0.000005661000,237239751.04000,b,l
2026-02-06 00:37:25,0.000005652000,1636171.88000,s,l
2026-02-06 00:37:44,0.000005670000,28700000.00000,b,l
2026-02-06 00:38:19,0.000005668000,3528000.00000,s,l
2026-02-06 00:38:19,0.000005668000,581.51024,s,l
2026-02-06 00:38:19,0.000005668000,3527418.48976,s,l
2026-02-06 00:38:19,0.000005661000,20175000.00000,s,l
2026-02-06 00:38:19,0.000005661000,80000000.00000,s,l
2026-02-06 00:38:19,0.000005661000,36472000.00000,s,l
2026-02-06 00:38:24,0.000005664000,13585000.00000,s,l
2026-02-06 00:38:24,0.000005664000,581.00612,s,l
2026-02-06 00:38:24,0.000005663000,176583418.99388,s,l
2026-02-06 00:38:41,0.000005686000,1991805.16575,b,l
2026-02-06 00:38:50,0.000005699000,30754502.48000,b,l
2026-02-06 00:38:51,0.000005706000,1756659.12292,b,l
2026-02-06 00:39:04,0.000005735000,3824387.43409,b,l
2026-02-06 00:39:51,0.000005723000,21841691.42058,b,l
2026-02-06 00:39:51,0.000005724000,107361448.21571,b,l
2026-02-06 00:40:07,0.000005730000,21815008.72600,b,l
2026-02-06 00:40:13,0.000005713000,1377000.00000,s,l
2026-02-06 00:40:13,0.000005713000,16126938.38613,s,l
2026-02-06 00:40:18,0.000005713000,13530000.00000,s,l
2026-02-06 00:40:18,0.000005713000,3973000.00000,s,l
2026-02-06 00:40:18,0.000005713000,938.38613,s,l
2026-02-06 00:40:18,0.000005712000,175070028.01120,s,l
2026-02-06 00:40:21,0.000005703000,8307000.00000,s,l
2026-02-06 00:40:25,0.000005699000,67749000.00000,s,l
2026-02-06 00:40:25,0.000005699000,107720000.00000,s,l
2026-02-06 00:41:29,0.000005663000,1430.02607,s,l
2026-02-06 00:41:57,0.000005657000,1470047.78000,s,m
2026-02-06 00:42:08,0.000005669000,1411930.82000,b,m
2026-02-06 00:42:23,0.000005673000,1152000.00000,b,l
2026-02-06 00:42:54,0.000005672000,22038000.00000,b,l
2026-02-06 00:42:57,0.000005676000,21751000.00000,b,l
2026-02-06 00:42:57,0.000005676000,407.12999,b,l
2026-02-06 00:42:57,0.000005677000,10875592.87001,b,l
2026-02-06 00:42:57,0.000005677000,31117000.00000,b,l
2026-02-06 00:42:57,0.000005677000,15558000.00000,b,l
2026-02-06 00:42:57,0.000005677000,5438000.00000,b,l
2026-02-06 00:42:57,0.000005677000,7779000.00000,b,l
2026-02-06 00:42:57,0.000005677000,2719000.00000,b,l
2026-02-06 00:42:57,0.000005677000,3890000.00000,b,l
2026-02-06 00:42:57,0.000005677000,1359000.00000,b,l
2026-02-06 00:42:57,0.000005677000,680000.00000,b,l
2026-02-06 00:42:57,0.000005677000,1945000.00000,b,l
2026-02-06 00:42:57,0.000005677000,1312000.00000,b,l
2026-02-06 00:42:57,0.000005677000,656000.00000,b,l
2026-02-06 00:43:26,0.000005661000,17664723.54707,s,l
2026-02-06 00:43:26,0.000005661000,9150151.92100,s,l
2026-02-06 00:43:26,0.000005661000,105435124.53193,s,l
2026-02-06 00:43:26,0.000005661000,71212110.93883,s,l
2026-02-06 00:43:26,0.000005660000,65924000.00000,s,l
2026-02-06 00:43:26,0.000005660000,40000000.00000,s,l
2026-02-06 00:43:26,0.000005660000,13548000.00000,s,l
2026-02-06 00:43:26,0.000005660000,66452000.00000,s,l
2026-02-06 00:43:26,0.000005660000,40000000.00000,s,l
2026-02-06 00:43:26,0.000005660000,40000000.00000,s,l
2026-02-06 00:43:26,0.000005660000,40000000.00000,s,l
2026-02-06 00:43:41,0.000005670000,120000000.00000,b,l
2026-02-06 00:43:41,0.000005669000,17664000.00000,b,l
2026-02-06 00:43:41,0.000005669000,723.54999,b,l
2026-02-06 00:43:41,0.000005670000,22335276.45001,b,l
2026-02-06 00:43:54,0.000005689000,40000000.00000,b,l
2026-02-06 00:44:17,0.000005688000,40000000.00000,b,l
2026-02-06 00:44:17,0.000005688000,40000000.00000,b,l
2026-02-06 00:44:17,0.000005688000,40000000.00000,b,l
2026-02-06 00:44:17,0.000005688000,40000000.00000,b,l
2026-02-06 00:44:17,0.000005688000,47170000.00000,b,l
2026-02-06 00:44:17,0.000005689000,32830000.00000,b,l
2026-02-06 00:44:17,0.000005689000,40000000.00000,b,l
2026-02-06 00:44:27,0.000005691000,17571000.00000,s,l
2026-02-06 00:44:27,0.000005691000,604.28747,s,l
2026-02-06 00:44:27,0.000005690000,40000000.00000,s,l
2026-02-06 00:44:27,0.000005690000,40000000.00000,s,l
2026-02-06 00:44:27,0.000005690000,40000000.00000,s,l
2026-02-06 00:44:27,0.000005690000,160000000.00000,s,l
2026-02-06 00:44:27,0.000005690000,22429000.00000,s,l
2026-02-06 00:44:27,0.000005690000,196940983.30000,s,l
2026-02-06 00:44:27,0.000005691000,17571604.28999,b,l
2026-02-06 00:44:27,0.000005691000,6750000.00000,b,l
2026-02-06 00:44:27,0.000005691000,11546664.96800,b,l
2026-02-06 00:44:27,0.000005692000,25897279.74201,b,l
2026-02-06 00:44:36,0.000005682000,2040520.06247,s,l
2026-02-06 00:44:50,0.000005685000,175901495.16270,b,l
2026-02-06 00:44:50,0.000005685000,58869767.83497,b,l
2026-02-06 00:44:50,0.000005685000,38729620.16867,b,l
2026-02-06 00:44:50,0.000005685000,166252854.74042,b,l
2026-02-06 00:44:50,0.000005687000,7232933.96100,b,l
2026-02-06 00:45:07,0.000005716000,30729982.30335,b,l
2026-02-06 00:45:16,0.000005761000,31531000.00000,b,l
2026-02-06 00:45:26,0.000005762000,7009000.00000,b,l
2026-02-06 00:45:43,0.000005773000,6750000.00000,s,l
2026-02-06 00:45:43,0.000005772000,3061608.37705,s,l
2026-02-06 00:45:56,0.000005750000,2986000.00000,s,l
2026-02-06 00:45:56,0.000005750000,4899992.17300,s,l
2026-02-06 00:45:56,0.000005750000,35100007.82700,s,l
2026-02-06 00:45:56,0.000005750000,17135000.00000,s,l
2026-02-06 00:45:56,0.000005750000,40000000.00000,s,l
2026-02-06 00:45:56,0.000005750000,31531000.00000,s,l
2026-02-06 00:46:02,0.000005752000,40833236.52200,s,l
2026-02-06 00:46:28,0.000005722000,17476406.85075,s,l
2026-02-06 00:46:28,0.000005721000,82987635.89395,s,l
2026-02-06 00:46:28,0.000005721000,5023202.13723,s,l
2026-02-06 00:46:28,0.000005721000,6750000.00000,s,l
2026-02-06 00:46:28,0.000005721000,41802000.00000,s,l
2026-02-06 00:46:28,0.000005721000,38210000.00000,s,l
2026-02-06 00:46:33,0.000005730000,7841087.29743,b,l
2026-02-06 00:47:01,0.000005716000,538037.97755,b,l
2026-02-06 00:47:03,0.000005733000,11675000.00000,b,l
2026-02-06 00:47:17,0.000005723000,17473353.13646,s,l
2026-02-06 00:47:17,0.000005722000,9886445.37000,s,l
2026-02-06 00:47:43,0.000005713000,17503938.38613,s,l
2026-02-06 00:47:43,0.000005712000,175046006.11314,s,l
2026-02-06 00:48:47,0.000005697000,11832543.44392,b,m
2026-02-06 00:49:22,0.000005690000,3510619.62436,b,m
2026-02-06 00:49:55,0.000005690000,1677917.93706,s,l
2026-02-06 00:50:00,0.000005709000,6750000.00000,b,l
2026-02-06 00:50:00,0.000005710000,1653037.00000,b,l
2026-02-06 00:50:36,0.000005733000,12683265.75220,s,l
2026-02-06 00:50:53,0.000005731000,35031000.00000,b,l
2026-02-06 00:50:53,0.000005731000,5073000.00000,b,l
2026-02-06 00:50:53,0.000005731000,27185373.79000,b,l
2026-02-06 00:51:06,0.000005760000,703111.26000,b,l
2026-02-06 00:51:19,0.000005756000,40827843.64584,s,l
2026-02-06 00:51:29,0.000005759000,7387201.97265,s,l
2026-02-06 00:51:32,0.000005755000,8318959.72389,s,l
2026-02-06 00:51:38,0.000005751000,4921378.88795,s,l
2026-02-06 00:51:41,0.000005745000,8731925.67500,s,l
2026-02-06 00:51:41,0.000005745000,6750000.00000,s,l
2026-02-06 00:51:41,0.000005743000,6750000.00000,s,l
2026-02-06 00:51:41,0.000005742000,6750000.00000,s,l
2026-02-06 00:51:41,0.000005741000,6750000.00000,s,l
2026-02-06 00:51:41,0.000005737000,6750000.00000,s,l
2026-02-06 00:51:41,0.000005737000,79017799.87666,s,l
2026-02-06 00:51:43,0.000005743000,687285.47033,s,l
2026-02-06 00:51:52,0.000005751000,6726055.25800,b,l
2026-02-06 00:52:46,0.000005735000,13500000.00000,s,l
2026-02-06 00:52:46,0.000005735000,3936000.00000,s,l
