timestamp,price,volume,side,type
2025-03-02 02:49:15,1.05990000,19.00000,b,m
2025-03-02 19:37:15,1.03200000,1.92100,s,l
2025-03-02 19:37:15,1.00500000,7.98000,s,l
2025-03-02 19:38:37,1.00500000,8.47040,s,l
2025-03-03 09:38:35,1.06000000,869.61760,b,l
2025-03-03 10:31:13,1.01450000,20.54779,s,l
2025-03-03 10:31:13,1.01440000,13.60944,s,l
2025-03-03 17:16:53,1.05980000,20.54779,b,l
2025-03-03 17:16:53,1.05990000,5.00000,b,l
2025-03-03 17:16:53,1.06000000,50.60141,b,l
2025-03-03 23:04:24,1.06000000,4.67490,b,l
2025-03-04 00:09:07,1.06000000,30.18868,b,l
2025-03-04 00:32:47,1.02910000,18.69186,s,l
2025-03-04 00:32:47,1.02900000,11.49674,s,l
2025-03-04 04:17:12,1.01380000,16.55561,s,l
2025-03-04 04:17:12,1.01370000,835.92709,s,l
2025-03-04 04:36:36,1.01310000,10.00000,s,m
2025-03-04 05:32:12,1.01330000,8.52480,s,l
2025-03-04 09:54:02,1.01660000,67.99990,s,l
2025-03-04 10:00:02,1.04920000,88.02143,b,l
2025-03-04 12:09:03,1.01900000,9.52380,s,l
2025-03-04 12:19:13,1.05240000,16.55561,b,l
2025-03-04 12:19:17,1.05250000,18.86398,b,l
2025-03-04 20:05:57,1.02820000,17.67459,s,l
2025-03-04 20:05:57,1.02810000,15.69990,s,l
2025-03-04 20:05:57,1.02440000,187.67989,s,l
2025-03-04 20:05:57,1.02430000,19.79972,s,l
2025-03-04 20:06:45,1.02430000,148.13068,s,l
2025-03-04 20:06:45,1.02420000,141.49642,s,l
2025-03-04 20:06:52,1.05810000,834.43234,b,l
2025-03-04 20:07:00,1.05810000,197.20369,b,l
2025-03-04 20:07:13,1.02470000,172.40870,s,l
2025-03-04 20:11:06,1.05830000,17.67458,b,l
2025-03-04 20:11:13,1.05840000,15.69989,b,l
2025-03-04 20:24:17,1.05990000,172.40871,b,l
2025-03-04 21:23:44,1.06000000,1201.73743,b,l
2025-03-04 21:23:44,1.06000000,304.57126,b,l
2025-03-04 21:35:02,1.02620000,7.03198,s,l
2025-03-04 21:36:28,1.06100000,3.13500,b,l
2025-03-04 23:08:33,1.06100000,499.71875,b,l
2025-03-04 23:08:33,1.06100000,499.76437,b,l
2025-03-04 23:08:33,1.06100000,499.81712,b,l
2025-03-04 23:08:33,1.06100000,497.56474,b,l
2025-03-05 07:01:38,1.06200000,599.10844,b,l
2025-03-05 07:01:38,1.06200000,599.17456,b,l
2025-03-05 07:01:38,1.06200000,599.24068,b,l
2025-03-05 07:01:38,1.06200000,599.30679,b,l
2025-03-05 07:01:38,1.06200000,599.37301,b,l
2025-03-05 07:01:38,1.06200000,599.43912,b,l
2025-03-05 07:01:38,1.06200000,599.50534,b,l
2025-03-05 07:01:38,1.06200000,599.57146,b,l
2025-03-05 07:01:38,1.06200000,205.28059,b,l
2025-03-05 07:27:15,1.06300000,2718.67022,b,l
2025-03-05 07:27:15,1.06300000,1352.96267,b,l
2025-03-05 07:28:27,1.06300000,705.36128,b,l
2025-03-05 07:30:02,1.06300000,49.08134,b,l
2025-03-05 07:30:02,1.06300000,49.17682,b,l
2025-03-05 07:30:02,1.06300000,49.20183,b,l
2025-03-05 07:30:02,1.06300000,49.22666,b,l
2025-03-05 07:33:15,1.06300000,26.31918,b,l
2025-03-05 12:55:54,1.06300000,148.66360,s,l
2025-03-05 14:32:25,1.07300000,39.83123,b,l
2025-03-05 14:32:25,1.07300000,194.06554,b,l
2025-03-05 14:32:25,1.07300000,194.08967,b,l
2025-03-05 14:32:25,1.07300000,194.11380,b,l
2025-03-05 14:32:25,1.07300000,194.13794,b,l
2025-03-05 14:32:25,1.07300000,183.76182,b,l
2025-03-05 14:40:53,1.07400000,22.40313,b,l
2025-03-05 14:40:53,1.07400000,95.57213,b,l
2025-03-05 14:40:53,1.07400000,95.58289,b,l
2025-03-05 14:40:53,1.07400000,95.59365,b,l
2025-03-05 14:40:53,1.07400000,95.60440,b,l
2025-03-05 14:40:53,1.07400000,95.61525,b,l
2025-03-05 14:40:53,1.07400000,95.62601,b,l
2025-03-05 14:40:53,1.07400000,95.63686,b,l
2025-03-05 14:40:53,1.07400000,95.64762,b,l
2025-03-05 14:40:53,1.07400000,95.65847,b,l
2025-03-05 14:40:53,1.07400000,95.66923,b,l
2025-03-05 14:40:53,1.07400000,21.39036,b,l
2025-03-05 15:36:50,1.06310000,9.63803,s,l
2025-03-05 16:04:51,1.07500000,436.07790,b,l
2025-03-05 16:04:51,1.07500000,435.12554,b,l
2025-03-05 16:04:51,1.07500000,128.79655,b,l
2025-03-05 16:10:01,1.07600000,290.03270,b,l
2025-03-05 16:10:01,1.07600000,290.06213,b,l
2025-03-05 16:10:01,1.07600000,290.09157,b,l
2025-03-05 16:10:01,1.07600000,129.81360,b,l
2025-03-05 16:10:04,1.07700000,46.42525,b,l
2025-03-05 17:40:29,1.06430000,15.63494,s,l
2025-03-05 17:40:29,1.06420000,17.47154,s,l
2025-03-05 17:40:29,1.06300000,14.33877,s,l
2025-03-05 17:48:50,1.07640000,22.66693,b,l
2025-03-05 17:51:16,1.07690000,9.28591,b,m
2025-03-05 18:38:51,1.07700000,22.39260,b,l
2025-03-05 19:02:01,1.07700000,920.22310,b,l
2025-03-05 19:52:29,1.07700000,10.95904,b,l
2025-03-05 23:30:53,1.07800000,1.00000,b,l
2025-03-05 23:44:31,1.07800000,5.00000,b,l
2025-03-05 23:44:45,1.06340000,6.00000,s,l
2025-03-06 00:19:25,1.07790000,14.18563,b,l
2025-03-06 00:52:37,1.07800000,41.20586,b,l
2025-03-06 00:52:37,1.07800000,41.21444,b,l
2025-03-06 00:52:37,1.07800000,41.22302,b,l
2025-03-06 00:52:37,1.07800000,41.23159,b,l
2025-03-06 00:52:37,1.07800000,41.24017,b,l
2025-03-06 00:52:37,1.07800000,41.24875,b,l
2025-03-06 00:52:37,1.07800000,41.25733,b,l
2025-03-06 00:52:37,1.07800000,41.26591,b,l
2025-03-06 00:52:37,1.07800000,41.27448,b,l
2025-03-06 00:52:37,1.07800000,41.28306,b,l
2025-03-06 00:52:37,1.07800000,41.29164,b,l
2025-03-06 00:52:37,1.07800000,41.30022,b,l
2025-03-06 00:52:37,1.07800000,41.30879,b,l
2025-03-06 00:52:37,1.07800000,41.31747,b,l
2025-03-06 00:52:37,1.07800000,41.32605,b,l
2025-03-06 00:52:37,1.07800000,41.33463,b,l
2025-03-06 00:52:37,1.07800000,41.34330,b,l
2025-03-06 00:52:37,1.07800000,41.35188,b,l
2025-03-06 00:52:37,1.07800000,41.36046,b,l
2025-03-06 00:52:37,1.07800000,41.36914,b,l
2025-03-06 00:52:37,1.07800000,41.37771,b,l
2025-03-06 00:52:37,1.07800000,41.38629,b,l
2025-03-06 00:52:37,1.07800000,41.39497,b,l
2025-03-06 00:52:37,1.07800000,41.40355,b,l
2025-03-06 05:14:35,1.08400000,8.95459,b,l
2025-03-06 05:47:37,1.08400000,107.50700,b,l
2025-03-06 05:53:45,1.07120000,18.62470,s,l
2025-03-06 05:53:45,1.07110000,18.65041,s,l
2025-03-06 05:53:45,1.07000000,65.15869,s,l
2025-03-06 10:23:16,1.07000000,3.07330,s,l
2025-03-06 13:17:03,1.08090000,18.65041,b,l
2025-03-06 20:02:50,1.08490000,18.62471,b,l
2025-03-06 20:02:50,1.08500000,8275.54172,b,l
2025-03-07 00:56:06,1.08500000,19.00000,b,m
2025-03-07 08:29:46,1.07060000,16.84414,s,m
2025-03-07 08:29:46,1.07050000,2.15595,s,m
2025-03-07 09:31:55,1.07010000,16.66035,s,l
2025-03-07 09:31:55,1.07000000,23.10895,s,l
2025-03-07 09:47:46,1.08390000,16.84413,b,l
2025-03-07 13:30:25,1.08500000,2877.67167,b,l
2025-03-07 13:35:15,1.08490000,18.81629,b,l
2025-03-07 13:35:21,1.08500000,583.47435,b,l
2025-03-07 13:35:21,1.08500000,9186.97636,b,l
2025-03-07 13:35:21,1.08500000,583.61170,b,l
2025-03-07 13:35:21,1.08500000,583.73843,b,l
2025-03-07 13:35:21,1.08500000,583.86512,b,l
2025-03-07 13:35:21,1.08500000,583.99181,b,l
2025-03-07 13:35:21,1.08500000,584.11849,b,l
2025-03-07 13:35:21,1.08500000,584.24528,b,l
2025-03-07 13:35:21,1.08500000,584.37206,b,l
2025-03-07 13:35:21,1.08500000,584.49885,b,l
2025-03-07 13:35:21,1.08500000,584.62574,b,l
2025-03-07 13:35:21,1.08500000,584.75272,b,l
2025-03-07 13:35:21,1.08500000,584.87961,b,l
2025-03-07 13:35:21,1.08500000,2627.95289,b,l
2025-03-08 06:37:04,1.07090000,16.64676,s,m
2025-03-08 06:37:04,1.07080000,6.20185,s,m
2025-03-10 17:43:19,1.08490000,16.64677,b,l
2025-03-10 17:43:19,1.08500000,2.68320,b,l
2025-03-10 17:43:19,1.08800000,2618.90243,b,l
2025-03-10 18:37:04,1.07040000,14.33491,s,l
2025-03-10 18:37:04,1.07030000,14.95581,s,l
2025-03-11 07:10:40,1.08400000,14.33491,b,l
2025-03-11 08:11:37,1.08790000,21.15767,b,l
2025-03-11 08:11:37,1.08800000,2326.21553,b,l
2025-03-11 08:19:37,1.08800000,14.61506,b,l
2025-03-11 08:19:37,1.08800000,14.61507,b,l
2025-03-11 08:48:58,1.08800000,19.04580,b,l
2025-03-11 08:48:58,1.08800000,19.05171,b,l
2025-03-11 08:48:58,1.08800000,19.05762,b,l
2025-03-11 08:48:58,1.08800000,19.06354,b,l
2025-03-11 08:48:58,1.08800000,19.06945,b,l
2025-03-11 08:48:58,1.08800000,19.07537,b,l
2025-03-11 08:48:58,1.08800000,19.08129,b,l
2025-03-11 08:48:58,1.08800000,19.08721,b,l
2025-03-11 08:48:58,1.08800000,19.09314,b,l
2025-03-11 08:48:58,1.08800000,19.09906,b,l
2025-03-11 08:48:58,1.08800000,19.10498,b,l
2025-03-11 08:48:58,1.08800000,19.11091,b,l
2025-03-11 08:48:59,1.08800000,19.11684,b,l
2025-03-11 08:48:59,1.08800000,19.12278,b,l
2025-03-11 08:48:59,1.08800000,19.12871,b,l
2025-03-11 08:48:59,1.08800000,19.13464,b,l
2025-03-11 08:48:59,1.08800000,19.14058,b,l
2025-03-11 08:48:59,1.08800000,19.14652,b,l
2025-03-11 08:48:59,1.08800000,19.15246,b,l
2025-03-11 08:48:59,1.08800000,14662.76930,b,l
2025-03-11 08:48:59,1.08820000,42.83370,b,l
2025-03-11 09:23:35,1.07060000,15.08285,s,l
2025-03-11 09:23:35,1.07050000,13.23998,s,l
2025-03-11 09:23:35,1.07040000,5.61747,s,l
2025-03-11 09:31:32,1.07050000,23.38791,s,l
2025-03-11 09:48:50,1.08830000,13.23997,b,l
2025-03-11 09:48:54,1.08840000,15.08285,b,l
2025-03-11 13:35:10,1.08990000,20.95970,b,l
2025-03-11 13:40:24,1.09000000,120.07949,b,l
2025-03-11 13:40:25,1.09000000,120.09238,b,l
2025-03-11 13:40:25,1.09000000,120.10517,b,l
2025-03-11 13:40:25,1.09000000,120.11805,b,l
2025-03-11 13:40:26,1.09000000,120.13084,b,l
2025-03-11 13:40:26,1.09000000,120.14373,b,l
2025-03-11 13:40:26,1.09000000,120.15652,b,l
2025-03-11 13:40:26,1.09000000,120.16941,b,l
2025-03-11 13:40:26,1.09000000,120.18220,b,l
2025-03-11 13:40:26,1.09000000,120.19508,b,l
2025-03-11 13:40:26,1.09000000,120.20797,b,l
2025-03-11 13:40:27,1.09000000,120.22085,b,l
2025-03-11 13:40:37,1.09000000,120.23483,b,l
2025-03-11 13:41:19,1.09000000,100.82218,b,l
2025-03-11 13:41:20,1.09000000,100.84294,b,l
2025-03-11 13:41:56,1.09000000,38.99180,b,l
2025-03-11 13:41:56,1.09000000,38.99979,b,l
2025-03-11 13:41:56,1.09000000,39.00787,b,l
2025-03-11 13:41:57,1.09000000,39.01596,b,l
2025-03-11 13:41:57,1.09000000,39.02395,b,l
2025-03-11 13:41:58,1.09000000,39.03203,b,l
2025-03-11 13:41:59,1.09000000,39.02162,b,l
2025-03-11 13:42:00,1.09000000,38.88915,b,l
2025-03-11 13:42:00,1.09000000,38.75667,b,l
2025-03-11 13:42:01,1.09000000,38.76540,b,l
2025-03-11 13:42:01,1.09000000,19.42892,b,l
2025-03-11 13:42:01,1.09000000,23.00986,b,l
2025-03-11 13:42:01,1.09000000,9121.91322,b,l
2025-03-11 13:42:02,1.09000000,38.78281,b,l
2025-03-11 13:42:03,1.09000000,38.79181,b,l
2025-03-11 13:42:04,1.09000000,38.80079,b,l
2025-03-11 13:42:05,1.09000000,38.80988,b,l
2025-03-11 13:42:06,1.09000000,38.81896,b,l
2025-03-11 13:42:09,1.09000000,38.80838,b,l
2025-03-11 13:42:11,1.09000000,13.29595,b,l
2025-03-11 13:42:14,1.09000000,38.64775,b,l
2025-03-11 13:42:16,1.09000000,38.51517,b,l
2025-03-11 13:42:17,1.09000000,38.50459,b,l
2025-03-11 13:42:19,1.09000000,38.49411,b,l
2025-03-11 13:42:20,1.09000000,38.48352,b,l
2025-03-11 13:42:21,1.09000000,38.47304,b,l
2025-03-11 13:42:23,1.09000000,38.46246,b,l
2025-03-11 13:42:24,1.09000000,857.73556,b,l
2025-03-11 13:42:25,1.09000000,38.47144,b,l
2025-03-11 13:42:27,1.09000000,38.48043,b,l
2025-03-11 13:42:28,1.09000000,38.34775,b,l
2025-03-11 13:42:28,1.09000000,38.33727,b,l
2025-03-11 13:42:29,1.09000000,38.32669,b,l
2025-03-11 13:42:29,1.09000000,38.33567,b,l
2025-03-11 13:42:29,1.09000000,38.34466,b,l
2025-03-11 13:42:29,1.09000000,38.35364,b,l
2025-03-11 13:42:30,1.09000000,38.36263,b,l
2025-03-11 13:42:30,1.09000000,38.37161,b,l
2025-03-11 13:42:31,1.09000000,22.55979,b,l
2025-03-11 13:42:32,1.09000000,38.37161,b,l
2025-03-11 13:42:32,1.09000000,38.37530,b,l
2025-03-11 13:42:33,1.09000000,22.55610,b,l
2025-03-11 13:42:35,1.09000000,6784.80240,b,l
2025-03-11 13:42:35,1.09000000,18.62034,b,l
2025-03-11 17:02:22,1.09100000,58.67311,b,l
2025-03-11 18:00:36,1.09100000,495.07353,b,l
2025-03-11 18:00:36,1.09100000,373.65472,b,l
2025-03-11 18:00:36,1.09100000,493.40552,b,l
2025-03-11 18:00:36,1.09100000,493.39320,b,l
2025-03-11 18:00:36,1.09100000,493.41812,b,l
2025-03-11 18:00:36,1.09100000,493.44295,b,l
2025-03-11 18:00:36,1.09100000,493.46788,b,l
2025-03-11 18:00:36,1.09100000,493.49271,b,l
2025-03-11 18:00:36,1.09100000,493.51754,b,l
2025-03-11 18:00:36,1.09100000,493.54237,b,l
2025-03-11 18:00:36,1.09100000,493.56720,b,l
2025-03-11 18:00:36,1.09100000,493.59212,b,l
2025-03-11 18:00:36,1.09100000,493.61686,b,l
2025-03-11 18:00:36,1.09100000,493.64160,b,l
2025-03-11 18:00:36,1.09100000,493.66635,b,l
2025-03-11 18:00:36,1.09100000,493.69109,b,l
2025-03-11 18:00:36,1.09100000,493.71583,b,l
2025-03-11 18:00:36,1.09100000,493.74057,b,l
2025-03-11 18:00:36,1.09100000,493.76540,b,l
2025-03-11 18:00:36,1.09100000,493.79023,b,l
2025-03-11 18:00:36,1.09100000,493.81506,b,l
2025-03-11 18:00:36,1.09100000,493.83989,b,l
2025-03-11 18:00:36,1.09100000,493.86472,b,l
2025-03-11 18:00:36,1.09100000,493.88965,b,l
2025-03-11 18:00:36,1.09100000,493.91457,b,l
2025-03-11 18:00:36,1.09100000,493.93940,b,l
2025-03-11 18:00:36,1.09100000,493.96423,b,l
2025-03-11 18:00:36,1.09100000,493.98906,b,l
2025-03-11 18:00:36,1.09100000,494.01399,b,l
2025-03-11 19:23:32,1.09100000,499.86712,b,l
2025-03-11 19:23:32,1.09100000,500.04129,b,l
2025-03-11 19:23:32,1.09100000,500.21553,b,l
2025-03-11 19:23:32,1.09100000,134.35187,b,l
2025-03-11 20:02:54,1.09050000,13.81423,s,l
2025-03-11 20:11:12,1.09150000,13.74255,b,m
2025-03-12 04:10:49,1.09110000,46.96278,b,l
2025-03-12 11:50:26,1.08890000,197.19900,s,l
2025-03-12 11:58:07,1.08880000,605.66939,s,l
2025-03-12 11:58:07,1.08880000,9185.39609,s,l
2025-03-12 11:58:07,1.08880000,664.46499,s,l
2025-03-12 11:58:07,1.08880000,10871.44314,s,l
2025-03-12 11:58:07,1.08880000,664.59919,s,l
2025-03-12 12:24:03,1.08770000,714.63914,s,l
2025-03-12 12:24:06,1.08770000,33.47537,s,l
2025-03-12 12:24:06,1.08770000,33.48215,s,l
2025-03-12 12:24:06,1.08770000,36.20729,s,l
2025-03-12 12:24:06,1.08770000,547.02217,s,l
2025-03-12 12:24:06,1.08770000,761.97454,s,l
2025-03-12 12:24:06,1.08770000,762.05529,s,l
2025-03-12 12:24:06,1.08770000,762.13269,s,l
2025-03-12 12:24:06,1.08770000,762.21009,s,l
2025-03-12 12:24:07,1.08770000,762.28749,s,l
2025-03-12 12:24:07,1.08770000,762.36498,s,l
2025-03-12 12:24:07,1.08770000,762.44247,s,l
2025-03-12 12:24:07,1.08770000,762.51996,s,l
2025-03-12 12:24:07,1.08770000,762.59754,s,l
2025-03-12 12:24:07,1.08770000,762.67504,s,l
2025-03-12 12:24:07,1.08770000,762.75253,s,l
2025-03-12 12:24:07,1.08770000,762.83002,s,l
2025-03-12 12:24:08,1.08770000,21.89025,s,l
2025-03-12 12:24:08,1.08770000,762.90962,s,l
2025-03-12 12:24:08,1.08770000,762.98711,s,l
2025-03-12 12:24:08,1.08770000,763.06460,s,l
2025-03-12 12:24:08,1.08770000,763.14218,s,l
2025-03-12 12:24:08,1.08770000,763.21967,s,l
2025-03-12 12:24:08,1.08770000,763.29716,s,l
2025-03-12 12:24:08,1.08770000,763.37475,s,l
2025-03-12 12:24:08,1.08770000,763.45233,s,l
2025-03-12 12:24:09,1.08770000,1076.07459,s,l
2025-03-12 15:31:48,1.09140000,6.47754,b,m
2025-03-12 15:35:37,1.08990000,13.74255,s,m
2025-03-12 15:48:11,1.08990000,6.47754,s,m
2025-03-12 20:58:16,1.09140000,5.00000,b,m
2025-03-13 06:44:04,1.08450000,7.73539,s,l
2025-03-13 08:19:02,1.08400000,36.42592,s,l
2025-03-13 10:29:04,1.08550000,10000.00000,s,l
2025-03-13 10:57:24,1.08450000,9221.84396,s,l
2025-03-13 10:57:24,1.08450000,778.15604,s,l
2025-03-13 11:51:58,1.08480000,88.08770,b,l
2025-03-13 11:58:43,1.08450000,10000.00000,s,l
2025-03-13 12:03:42,1.08250000,86.35200,s,l
2025-03-13 12:17:18,1.08370000,15.44185,s,l
2025-03-13 12:24:02,1.08400000,10000.00000,s,l
2025-03-13 12:39:59,1.08300000,10000.00000,s,l
2025-03-13 12:40:15,1.08350000,9982.97427,s,l
2025-03-13 12:40:35,1.08300000,77.91054,s,l
2025-03-13 12:40:35,1.08300000,77.91873,s,l
2025-03-13 12:40:35,1.08300000,77.92692,s,l
2025-03-13 12:40:35,1.08300000,77.93511,s,l
2025-03-13 12:40:35,1.08300000,77.94329,s,l
2025-03-13 12:40:35,1.08300000,77.95148,s,l
2025-03-13 12:40:35,1.08300000,77.95967,s,l
2025-03-13 12:40:35,1.08300000,77.96786,s,l
2025-03-13 12:40:35,1.08300000,77.97604,s,l
2025-03-13 12:40:35,1.08300000,77.98423,s,l
2025-03-13 12:40:35,1.08300000,77.99242,s,l
2025-03-13 12:40:35,1.08300000,78.00061,s,l
2025-03-13 12:40:35,1.08300000,78.00879,s,l
2025-03-13 12:40:36,1.08300000,78.01689,s,l
2025-03-13 12:40:36,1.08300000,78.02499,s,l
2025-03-13 12:40:36,1.08300000,78.03308,s,l
2025-03-13 12:40:36,1.08300000,78.04108,s,l
2025-03-13 12:40:39,1.08350000,1323.64852,s,l
2025-03-13 12:40:39,1.08350000,1.35148,s,l
2025-03-13 12:40:44,1.08290000,109.11130,b,l
2025-03-13 12:40:44,1.08300000,1215.88870,b,l
2025-03-13 12:41:01,1.08200000,666.36600,s,l
2025-03-13 12:41:40,1.08250000,10000.00000,s,l
2025-03-13 12:43:04,1.08250000,9984.09804,s,l
2025-03-13 12:43:04,1.08250000,11.23832,s,l
2025-03-13 12:43:23,1.08200000,59.36929,s,l
2025-03-13 12:43:38,1.08200000,10000.00000,s,l
2025-03-13 12:45:58,1.08150000,13.78600,s,l
2025-03-13 12:45:59,1.08150000,59.57801,s,l
2025-03-13 12:45:59,1.08150000,59.59593,s,l
2025-03-13 12:45:59,1.08150000,59.61387,s,l
2025-03-13 12:45:59,1.08150000,59.63181,s,l
2025-03-13 12:45:59,1.08150000,59.64976,s,l
2025-03-13 12:45:59,1.08150000,59.66493,s,l
2025-03-13 12:45:59,1.08150000,59.67681,s,l
2025-03-13 12:45:59,1.08150000,59.68879,s,l
2025-03-13 12:46:28,1.08160000,197.38913,s,l
2025-03-13 12:46:28,1.08160000,0.20154,s,l
2025-03-13 12:46:47,1.08150000,197.38903,s,l
2025-03-13 12:50:35,1.08200000,9980.23501,s,l
2025-03-13 12:50:42,1.08050000,57.90649,s,l
2025-03-13 12:54:05,1.08200000,10000.00000,s,l
2025-03-13 12:54:55,1.08250000,10000.00000,s,l
2025-03-13 12:54:59,1.08200000,228.75648,s,l
2025-03-13 12:54:59,1.08200000,9771.24352,s,l
2025-03-13 12:57:10,1.08130000,139.48329,b,l
2025-03-13 12:57:10,1.08130000,58.10737,b,l
2025-03-14 08:39:10,1.07100000,6.64615,s,l
2025-03-14 20:58:37,1.08650000,5000.00000,s,l
2025-03-14 20:59:03,1.08650000,4994.90010,s,l
2025-03-14 21:00:28,1.08600000,4994.90010,s,l
2025-03-14 21:00:44,1.08650000,4991.98955,s,l
2025-03-14 21:02:32,1.08650000,5000.00000,s,l
2025-03-14 21:02:53,1.08660000,196.42634,s,l
2025-03-14 21:02:53,1.08660000,0.20053,s,l
2025-03-14 21:03:18,1.08600000,4994.90010,s,l
2025-03-14 21:03:19,1.08650000,29.62157,s,l
2025-03-14 21:03:19,1.08650000,29.63055,s,l
2025-03-14 21:03:19,1.08650000,29.63951,s,l
2025-03-14 21:03:19,1.08650000,29.64848,s,l
2025-03-14 21:03:20,1.08650000,29.65747,s,l
2025-03-14 21:03:20,1.08650000,29.66644,s,l
2025-03-14 21:03:20,1.08650000,48.18369,s,l
2025-03-14 21:03:24,1.08650000,5000.00000,s,l
2025-03-14 21:03:26,1.08650000,4992.01163,s,l
2025-03-14 21:03:56,1.08650000,5000.00000,s,l
2025-03-14 21:04:01,1.08650000,5000.00000,s,l
2025-03-14 21:04:09,1.08650000,5000.00000,s,l
2025-03-14 21:04:52,1.08650000,5000.00000,s,l
2025-03-14 21:05:16,1.08650000,5000.00000,s,l
2025-03-14 21:05:37,1.08600000,5000.00000,s,l
2025-03-14 21:06:20,1.08620000,5000.00000,b,l
2025-03-14 21:06:28,1.08620000,2958.47988,b,l
2025-03-14 21:06:28,1.08650000,2041.52008,s,l
2025-03-15 09:56:43,1.08740000,13.68040,b,l
2025-03-17 15:26:16,1.09100000,295.68403,s,l
2025-03-17 15:26:16,1.09100000,4704.31597,s,l
2025-03-17 15:26:20,1.09100000,295.68403,b,l
2025-03-17 15:26:20,1.09100000,295.79450,s,l
2025-03-17 15:26:20,1.09100000,4408.52146,s,l
2025-03-17 15:26:25,1.09100000,4998.99999,s,l
2025-03-18 07:58:53,1.09140000,196.62688,b,l
2025-03-18 07:58:53,1.09150000,4803.37312,b,l
2025-03-18 07:58:58,1.09150000,5000.00000,b,l
2025-03-18 07:59:03,1.09150000,5000.00000,b,l
2025-03-18 07:59:08,1.09150000,1074.45962,b,l
2025-03-18 12:06:33,1.09000000,9.03236,s,l
2025-03-18 13:36:26,1.08950000,5.00000,s,m
2025-03-18 15:02:34,1.09000000,5.49955,b,l
2025-03-18 15:08:37,1.08850000,5.49955,s,m
2025-03-18 16:35:40,1.09200000,733.27558,s,l
2025-03-18 16:35:40,1.09200000,4257.72442,s,l
2025-03-18 16:35:41,1.09200000,9.00000,b,l
2025-03-18 16:35:41,1.09200000,724.27557,b,l
2025-03-18 16:35:41,1.09200000,733.54934,s,l
2025-03-18 16:35:41,1.09200000,733.82321,s,l
2025-03-18 16:35:41,1.09200000,2799.35187,s,l
2025-03-18 22:26:51,1.09260000,6.64615,s,l
2025-03-19 07:51:18,1.08750000,5000.00000,s,l
2025-03-19 07:51:54,1.08750000,1570.61809,s,l
2025-03-19 07:51:54,1.08750000,3429.38191,s,l
2025-03-19 07:51:56,1.08750000,1570.61809,b,l
2025-03-19 07:51:56,1.08750000,1568.22185,s,l
2025-03-19 07:51:56,1.08750000,1568.66366,s,l
2025-03-19 07:51:56,1.08750000,292.49639,s,l
2025-03-19 07:52:01,1.08750000,1569.10565,s,l
2025-03-19 07:52:01,1.08750000,3429.89435,s,l
2025-03-19 07:52:05,1.08750000,1569.10565,b,l
2025-03-19 07:52:05,1.08750000,1569.54775,s,l
2025-03-19 07:52:05,1.08750000,1569.98998,s,l
2025-03-19 07:52:05,1.08750000,291.35661,s,l
2025-03-19 07:52:10,1.08750000,1570.43235,s,l
2025-03-19 07:52:10,1.08750000,3428.56765,s,l
2025-03-19 07:52:24,1.08750000,5000.00000,s,l
2025-03-19 07:52:30,1.08750000,1570.87483,s,l
2025-03-19 07:52:30,1.08750000,3429.12517,s,l
2025-03-19 07:52:34,1.08750000,1570.87483,b,l
2025-03-19 07:52:34,1.08750000,1571.31743,s,l
2025-03-19 07:52:34,1.08750000,1571.76018,s,l
2025-03-19 07:52:34,1.08750000,286.04755,s,l
2025-03-19 07:52:39,1.08750000,1572.20303,s,l
2025-03-19 07:52:39,1.08750000,3426.79697,s,l
2025-03-19 07:52:44,1.08750000,1572.20303,b,l
2025-03-19 08:02:56,1.08860000,197.13260,s,l
2025-03-19 08:03:03,1.08850000,197.05695,s,l
2025-03-19 08:03:03,1.08850000,197.13260,s,l
2025-03-19 10:15:08,1.08900000,5.00000,b,l
2025-03-19 10:25:08,1.08950000,5.00000,b,l
2025-03-19 10:30:05,1.08950000,5.00000,b,l
2025-03-19 10:40:08,1.08850000,5.00000,b,l
2025-03-19 10:50:07,1.08950000,5.00000,b,l
2025-03-19 11:15:19,1.08900000,5.00000,b,l
2025-03-19 17:51:10,1.08450000,30.00000,s,m
2025-03-19 18:08:30,1.08800000,995.73010,b,l
2025-03-19 18:09:51,1.08850000,2260.58790,b,l
2025-03-19 19:38:05,1.08800000,32.56146,s,l
2025-03-20 06:03:54,1.08900000,19.03581,b,l
2025-03-20 12:59:26,1.08250000,22.95460,b,l
2025-03-20 13:00:35,1.08150000,22.50230,s,l
2025-03-20 15:25:10,1.08250000,884.36860,s,l
2025-03-20 15:25:10,1.08250000,884.63968,s,l
2025-03-20 15:25:10,1.08250000,884.91083,s,l
2025-03-20 15:25:10,1.08250000,885.18206,s,l
2025-03-20 15:25:10,1.08250000,885.45338,s,l
2025-03-20 15:25:10,1.08250000,575.44545,s,l
2025-03-20 15:52:33,1.08300000,884.36860,s,l
2025-03-20 15:52:33,1.08300000,4115.63140,s,l
2025-03-20 15:52:36,1.08300000,884.36860,b,l
2025-03-20 15:52:36,1.08300000,884.64175,s,l
2025-03-20 15:52:36,1.08300000,884.91497,s,l
2025-03-20 15:52:36,1.08300000,885.18828,s,l
2025-03-20 15:52:36,1.08300000,885.46168,s,l
2025-03-20 15:52:36,1.08300000,575.42471,s,l
2025-03-21 18:09:10,1.08100000,1.00840,b,l
2025-03-22 11:29:16,1.08000000,1633.66340,s,l
2025-03-22 11:29:36,1.08000000,1775.31510,s,l
2025-03-22 11:29:58,1.08000000,1591.02150,s,l
2025-03-22 11:29:58,1.08000000,184.29360,s,l
2025-03-22 12:31:52,1.07010000,52.46366,s,l
2025-03-22 16:02:28,1.08100000,6.51358,b,l
2025-03-23 11:06:25,1.08100000,2933.46207,b,l
2025-03-23 11:06:25,1.08100000,2066.53793,b,l
2025-03-23 13:12:26,1.08100000,5000.00000,b,l
2025-03-23 13:12:32,1.08100000,4953.73596,b,l
2025-03-23 13:12:32,1.08100000,46.26404,b,l
2025-03-23 13:12:37,1.08100000,4953.73596,b,l
2025-03-23 18:14:55,1.08100000,46.26404,b,l
2025-03-23 18:14:55,1.08100000,2334.68834,b,l
2025-03-23 18:14:55,1.08100000,2380.95238,b,l
2025-03-23 23:35:20,1.08060000,99.34967,s,m
2025-03-24 06:08:46,1.08250000,41.57044,b,l
2025-03-24 08:42:36,1.08400000,2.70860,b,l
2025-03-24 13:27:03,1.08150000,26.00000,b,l
2025-03-24 13:28:50,1.08150000,48.00000,b,l
2025-03-24 13:34:52,1.08070000,17.53212,s,l
2025-03-24 13:35:12,1.08050000,30.46788,s,m
2025-03-24 17:53:08,1.07710000,6.25845,s,m
2025-03-24 20:46:44,1.07950000,6.54181,b,l
2025-03-25 01:33:53,1.07850000,73.09293,s,l
2025-03-26 11:10:54,1.07800000,2263.37040,s,l
2025-03-26 11:10:54,1.07800000,473.25920,s,l
2025-03-26 11:10:54,1.07800000,1790.11120,s,l
2025-03-26 11:10:55,1.07800000,231.18459,s,l
2025-03-26 11:21:54,1.07800000,242.07461,s,l
2025-03-26 11:21:54,1.07800000,48.84403,s,l
2025-03-26 11:22:04,1.07800000,290.50871,s,l
2025-03-26 14:20:38,1.07810000,18.46217,s,l
2025-03-26 17:21:20,1.07550000,1000.00000,b,l
2025-03-27 11:46:22,1.07700000,2494.25914,s,l
2025-03-27 11:46:22,1.07700000,11.48172,s,l
2025-03-27 11:52:54,1.07750000,2505.00000,s,l
2025-03-27 11:52:54,1.07750000,1009.73922,s,l
2025-03-27 11:52:57,1.07750000,1485.26078,s,l
2025-03-27 11:52:57,1.07750000,2029.47844,s,l
2025-03-27 11:53:01,1.07750000,1484.52156,s,l
2025-03-27 11:57:05,1.07750000,3514.73922,s,l
2025-03-27 11:57:05,1.07750000,0.26078,s,l
2025-03-27 11:57:05,1.07750000,1484.25914,s,l
2025-03-27 11:58:31,1.07750000,0.74086,s,l
2025-03-27 11:58:31,1.07750000,154.59690,s,l
2025-03-27 11:58:31,1.07750000,3359.40146,s,l
2025-03-27 11:58:31,1.07750000,155.33776,s,l
2025-03-27 11:58:33,1.07750000,1329.66388,s,l
2025-03-27 11:58:33,1.07750000,2185.07534,s,l
2025-03-27 11:59:07,1.07750000,1330.00000,s,l
2025-03-27 11:59:07,1.07750000,3514.73922,s,l
2025-03-27 11:59:07,1.07750000,154.44458,s,l
2025-03-27 11:59:12,1.07750000,0.81620,s,l
2025-03-27 11:59:12,1.07750000,3513.92302,s,l
2025-03-27 11:59:17,1.07750000,1485.07698,s,l
2025-03-27 11:59:17,1.07750000,2029.66224,s,l
2025-03-27 11:59:22,1.07750000,1484.33776,s,l
2025-03-27 11:59:22,1.07750000,2030.40146,s,l
2025-03-27 11:59:23,1.07750000,1484.59854,s,l
2025-03-27 11:59:27,1.07750000,3514.73922,s,l
2025-03-27 13:23:07,1.07700000,3514.73922,s,l
2025-03-27 13:23:10,1.07700000,1485.26078,s,l
2025-03-27 13:23:10,1.07700000,2029.47844,s,l
2025-03-27 13:23:10,1.07700000,1484.52156,s,l
2025-03-27 14:03:49,1.07750000,309.09846,s,l
2025-03-27 14:03:49,1.07750000,3514.73922,s,l
2025-03-27 14:03:51,1.07750000,1175.42310,s,l
2025-03-27 14:03:51,1.07750000,0.73922,s,l
2025-03-27 14:03:51,1.07750000,3514.00000,s,l
2025-03-27 14:03:56,1.07750000,309.00000,s,l
2025-03-27 14:03:56,1.07750000,0.26078,s,l
2025-03-27 14:03:56,1.07750000,3514.73922,s,l
2025-03-27 14:03:57,1.07750000,1175.26078,s,l
2025-03-28 06:27:20,1.07750000,990.55180,s,l
2025-03-28 07:39:05,1.07800000,12.30509,s,l
2025-03-28 13:08:07,1.07700000,36.62921,b,l
2025-03-28 13:08:07,1.07700000,36.63448,b,l
2025-03-28 13:08:10,1.07700000,4926.68704,b,l
2025-03-28 13:08:10,1.07700000,0.04927,b,l
2025-03-28 14:20:08,1.08000000,176.75246,b,l
2025-03-28 14:20:08,1.08000000,176.77376,b,l
2025-03-28 14:20:08,1.08000000,176.79507,b,l
2025-03-28 14:20:08,1.08000000,176.81637,b,l
2025-03-28 14:20:08,1.08000000,176.83777,b,l
2025-03-28 14:20:08,1.08000000,116.02456,b,l
2025-03-28 15:20:30,1.08100000,87.22822,b,l
2025-03-28 15:20:30,1.08100000,87.33270,b,l
2025-03-28 15:20:30,1.08100000,87.35067,b,l
2025-03-28 15:20:30,1.08100000,87.36799,b,l
2025-03-28 15:20:30,1.08100000,87.38559,b,l
2025-03-28 15:20:30,1.08100000,87.40310,b,l
2025-03-28 15:20:30,1.08100000,87.42060,b,l
2025-03-28 15:20:30,1.08100000,87.43811,b,l
2025-03-28 15:20:30,1.08100000,87.45571,b,l
2025-03-28 15:20:30,1.08100000,87.47330,b,l
2025-03-28 15:20:30,1.08100000,87.49090,b,l
2025-03-28 15:20:30,1.08100000,38.65310,b,l
2025-03-28 16:22:59,1.08200000,900.00000,b,l
2025-03-28 16:48:25,1.08100000,8.36803,s,l
2025-03-28 21:13:21,1.07010000,990.98470,s,l
2025-03-28 22:33:51,1.08100000,10.15201,s,l
2025-03-29 13:36:32,1.08100000,19.29358,s,l
2025-03-30 20:48:53,1.08100000,990.37620,s,l
2025-03-30 21:30:07,1.08100000,9.90380,s,l
2025-03-31 01:20:18,1.08290000,18.46217,b,l
2025-03-31 01:20:18,1.08300000,750.00000,b,l
2025-03-31 14:10:11,1.08050000,11.67350,b,l
2025-03-31 15:11:43,1.07950000,10.00676,s,l
2025-04-01 01:37:46,1.08200000,20.20000,b,l
2025-04-01 10:09:45,1.07850000,3514.73922,s,l
2025-04-01 13:11:24,1.07750000,3514.73922,s,l
2025-04-01 13:11:24,1.07750000,1484.28830,s,l
2025-04-01 13:12:06,1.07750000,586.16529,s,l
2025-04-01 13:12:06,1.07750000,2928.57393,s,l
2025-04-01 13:12:06,1.07750000,586.16529,s,l
2025-04-01 13:12:27,1.07750000,586.11257,s,l
2025-04-01 13:15:26,1.07750000,313.00000,s,l
2025-04-01 13:15:26,1.07750000,2470.35303,s,l
2025-04-01 13:18:48,1.07750000,587.30858,s,l
2025-04-01 13:18:51,1.07750000,587.30700,s,l
2025-04-01 13:19:04,1.07750000,200.99953,s,l
2025-04-01 13:19:04,1.07750000,254.03186,s,l
2025-04-01 13:19:04,1.07750000,333.32302,s,l
2025-04-01 13:19:18,1.07750000,253.67698,s,l
2025-04-01 13:19:18,1.07750000,333.71076,s,l
2025-04-01 13:19:19,1.07750000,587.38774,s,l
2025-04-01 13:19:19,1.07750000,587.38774,s,l
2025-04-01 13:19:20,1.07750000,587.38774,s,l
2025-04-01 13:19:20,1.07750000,587.38774,s,l
2025-04-01 13:19:21,1.07750000,99.73828,s,l
2025-04-01 13:19:21,1.07750000,487.64946,s,l
2025-04-01 13:19:21,1.07750000,99.35054,s,l
2025-04-01 13:19:21,1.07750000,488.03720,s,l
2025-04-01 13:19:21,1.07750000,98.96280,s,l
2025-04-01 13:19:21,1.07750000,488.42494,s,l
2025-04-01 13:19:21,1.07750000,99.96538,s,l
2025-04-01 13:19:22,1.07750000,200.60968,s,l
2025-04-01 13:19:22,1.07750000,386.77992,s,l
2025-04-01 13:19:22,1.07750000,587.38960,s,l
2025-04-01 13:19:23,1.07750000,199.94838,s,l
2025-04-01 13:19:25,1.07750000,0.88210,s,l
2025-04-01 13:19:25,1.07750000,82.75205,s,l
2025-04-01 13:19:55,1.07750000,587.37642,s,l
2025-04-01 13:19:55,1.07750000,41.81744,s,l
2025-04-01 13:19:55,1.07750000,587.37642,s,l
2025-04-01 13:19:55,1.07750000,587.37642,s,l
2025-04-01 13:19:56,1.07750000,587.37642,s,l
2025-04-01 13:19:56,1.07750000,587.37642,s,l
2025-04-01 13:19:57,1.07750000,587.37642,s,l
2025-04-01 13:19:57,1.07750000,587.37642,s,l
2025-04-01 13:19:57,1.07750000,20.90867,s,l
2025-04-01 13:20:06,1.07750000,741.88690,s,l
2025-04-01 13:20:06,1.07750000,83.00000,s,l
2025-04-01 13:20:06,1.07750000,2689.85232,s,l
2025-04-01 13:20:08,1.07750000,1464.14768,s,l
2025-04-01 13:20:08,1.07750000,21.00000,s,l
2025-04-01 13:20:08,1.07750000,2029.59154,s,l
2025-04-01 13:20:13,1.07750000,1484.40846,s,l
2025-04-01 13:20:13,1.07750000,2030.33076,s,l
2025-04-01 13:22:11,1.07750000,1484.66924,s,l
2025-04-01 13:22:11,1.07750000,2030.06998,s,l
2025-04-01 13:22:11,1.07750000,1484.93002,s,l
2025-04-01 13:24:38,1.07800000,3514.73922,s,l
2025-04-01 13:24:40,1.07800000,1485.26078,s,l
2025-04-01 13:24:40,1.07800000,1307.89923,s,l
2025-04-01 13:24:46,1.07800000,81.38506,s,l
2025-04-01 13:24:46,1.07800000,588.94656,s,l
2025-04-01 13:24:46,1.07800000,81.38506,s,l
2025-04-01 13:27:42,1.07800000,592.40853,s,l
2025-04-01 13:27:43,1.07800000,592.40853,s,l
2025-04-01 13:27:43,1.07800000,269.56703,s,l
2025-04-01 13:27:43,1.07800000,322.84150,s,l
2025-04-01 13:27:44,1.07800000,592.40853,s,l
2025-04-01 13:27:44,1.07800000,592.40853,s,l
2025-04-01 13:27:44,1.07800000,592.40853,s,l
2025-04-01 13:27:45,1.07800000,592.40853,s,l
2025-04-01 13:27:45,1.07800000,100.52438,s,l
2025-04-01 13:27:45,1.07800000,159.59147,s,l
2025-04-01 13:27:45,1.07800000,332.29268,s,l
2025-04-01 13:27:45,1.07800000,260.11585,s,l
2025-04-01 13:27:46,1.07800000,592.40853,s,l
2025-04-01 13:27:46,1.07800000,592.40853,s,l
2025-04-01 13:27:47,1.07800000,592.40853,s,l
2025-04-01 13:27:47,1.07800000,592.40853,s,l
2025-04-01 13:27:47,1.07800000,592.40853,s,l
2025-04-01 13:27:48,1.07800000,592.40853,s,l
2025-04-01 13:27:51,1.07800000,592.40853,s,l
2025-04-01 13:27:51,1.07800000,0.14029,s,l
2025-04-01 13:27:51,1.07800000,592.28141,s,l
2025-04-01 13:27:51,1.07800000,592.42170,s,l
2025-04-01 13:27:51,1.07800000,592.42170,s,l
2025-04-01 13:27:52,1.07800000,20.34619,s,l
2025-04-01 13:27:52,1.07800000,592.42170,s,l
2025-04-01 13:27:52,1.07800000,592.42170,s,l
2025-04-01 13:27:53,1.07800000,592.42170,s,l
2025-04-01 13:27:53,1.07800000,832.26390,s,l
2025-04-01 13:27:55,1.07800000,3514.73922,s,l
2025-04-01 13:27:55,1.07800000,1484.37868,s,l
2025-04-01 13:28:00,1.07800000,0.88210,s,l
2025-04-01 13:28:00,1.07800000,9.29099,s,l
2025-04-01 13:28:03,1.07800000,10.17309,s,l
2025-04-01 13:28:04,1.07800000,592.46382,s,l
2025-04-01 13:28:05,1.07800000,592.46382,s,l
2025-04-01 13:28:05,1.07800000,38.62011,s,l
2025-04-01 13:28:05,1.07800000,266.18849,s,l
2025-04-01 13:28:05,1.07800000,290.22115,s,l
2025-04-01 13:28:05,1.07800000,2953.39004,s,l
2025-04-01 13:28:05,1.07800000,246.18849,s,l
2025-04-01 13:28:05,1.07800000,20.00000,s,l
2025-04-01 13:28:09,1.07800000,1724.24015,s,l
2025-04-01 13:28:10,1.07800000,592.54573,s,l
2025-04-01 13:28:10,1.07800000,592.54573,s,l
2025-04-01 13:28:11,1.07800000,592.54573,s,l
2025-04-01 13:28:11,1.07800000,592.54573,s,l
2025-04-01 13:28:11,1.07800000,592.54573,s,l
2025-04-01 13:28:14,1.07800000,313.03120,s,l
2025-04-01 13:28:14,1.07800000,2058.12416,s,l
2025-04-01 13:28:14,1.07800000,361.77346,s,l
2025-04-01 13:28:14,1.07800000,592.51669,s,l
2025-04-01 13:28:14,1.07800000,592.51113,s,l
2025-04-01 13:28:15,1.07800000,488.56343,s,l
2025-04-01 13:28:15,1.07800000,103.94786,s,l
2025-04-01 13:28:15,1.07800000,384.61541,s,l
2025-04-01 13:28:15,1.07800000,103.94786,s,l
2025-04-01 13:28:18,1.07800000,2652.36687,s,l
2025-04-01 13:28:23,1.07800000,592.45055,s,l
2025-04-01 13:28:23,1.07800000,592.45055,s,l
2025-04-01 13:28:24,1.07800000,592.45055,s,l
2025-04-01 13:28:24,1.07800000,570.28148,s,l
2025-04-01 13:28:24,1.07800000,22.16907,s,l
2025-04-01 13:28:25,1.07800000,592.45055,s,l
2025-04-01 13:28:25,1.07800000,304.92176,s,l
2025-04-01 13:28:25,1.07800000,1732.45862,s,l
2025-04-01 13:28:28,1.07800000,1508.60129,s,l
2025-04-01 13:28:32,1.07800000,3490.51661,s,l
2025-04-01 13:35:59,1.07800000,0.88210,s,l
2025-04-01 13:35:59,1.07800000,1508.00000,s,l
2025-04-01 13:35:59,1.07800000,2005.85712,s,l
2025-04-01 13:36:03,1.07800000,1485.14288,s,l
2025-04-01 13:36:03,1.07800000,2029.59634,s,l
2025-04-01 13:36:08,1.07800000,1484.40366,s,l
2025-04-01 13:36:08,1.07800000,950.32166,s,l
2025-04-01 13:36:08,1.07800000,129.95302,s,l
2025-04-01 13:36:08,1.07800000,603.79768,s,l
2025-04-01 13:36:08,1.07800000,129.95519,s,l
2025-04-01 13:36:08,1.07800000,603.79768,s,l
2025-04-01 13:36:08,1.07800000,493.37709,s,l
2025-04-01 13:36:08,1.07800000,110.42059,s,l
2025-04-01 13:36:08,1.07800000,493.37709,s,l
2025-04-01 13:36:12,1.07800000,603.79768,s,l
2025-04-01 13:36:12,1.07800000,603.79768,s,l
2025-04-01 13:36:20,1.07800000,3514.73922,s,l
2025-04-01 13:36:22,1.07800000,277.66542,s,l
2025-04-01 13:36:22,1.07800000,1207.00000,s,l
2025-04-01 13:36:22,1.07800000,0.11790,s,l
2025-04-01 13:36:22,1.07800000,2307.76420,s,l
2025-04-01 13:36:22,1.07800000,1207.11790,s,l
2025-04-01 13:36:40,1.07800000,3514.73922,s,l
2025-04-01 13:36:45,1.07800000,603.77309,s,l
2025-04-01 13:36:45,1.07800000,603.77309,s,l
2025-04-01 13:36:46,1.07800000,277.71460,s,l
2025-04-01 13:36:46,1.07800000,326.05849,s,l
2025-04-01 13:36:46,1.07800000,603.77309,s,l
2025-04-01 13:36:47,1.07800000,603.77309,s,l
2025-04-01 13:36:47,1.07800000,603.77309,s,l
2025-04-01 13:36:47,1.07800000,603.77309,s,l
2025-04-01 13:36:48,1.07800000,169.07606,s,l
2025-04-01 13:36:48,1.07800000,434.69712,s,l
2025-04-01 13:36:48,1.07800000,169.07597,s,l
2025-04-01 13:36:49,1.07800000,649.79405,s,l
2025-04-01 13:36:50,1.07800000,603.77309,s,l
2025-04-01 13:36:50,1.07800000,603.77309,s,l
2025-04-01 13:36:50,1.07800000,603.77309,s,l
2025-04-01 13:36:51,1.07800000,125.99758,s,l
2025-04-01 13:36:51,1.07800000,1808.23391,s,l
2025-04-01 13:36:51,1.07800000,603.77309,s,l
2025-04-01 13:36:54,1.07800000,0.88210,s,l
2025-04-01 13:36:54,1.07800000,728.88616,s,l
2025-04-01 13:36:54,1.07800000,603.77309,s,l
2025-04-01 13:36:55,1.07800000,603.77309,s,l
2025-04-01 13:36:55,1.07800000,603.77309,s,l
2025-04-01 13:36:55,1.07800000,603.77309,s,l
2025-04-01 13:36:56,1.07800000,603.77309,s,l
2025-04-01 13:36:56,1.07800000,603.77309,s,l
2025-04-01 13:36:57,1.07800000,43.70221,s,l
2025-04-01 13:36:57,1.07800000,516.36892,s,l
2025-04-01 13:36:57,1.07800000,87.40417,s,l
2025-04-01 13:36:59,1.07800000,603.73942,s,l
2025-04-01 13:36:59,1.07800000,603.73942,s,l
2025-04-01 13:36:59,1.07800000,603.73942,s,l
2025-04-01 13:36:59,1.07800000,549.11688,s,l
2025-04-01 13:37:00,1.07800000,539.01076,s,l
2025-04-01 13:37:00,1.07800000,529.25844,s,l
2025-04-01 13:37:01,1.07800000,519.86168,s,l
2025-04-01 13:37:01,1.07800000,510.70593,s,l
2025-04-01 13:37:02,1.07800000,501.82745,s,l
2025-04-01 13:37:02,1.07800000,38.11850,s,l
2025-04-01 13:37:03,1.07800000,0.88210,s,l
2025-04-01 13:37:03,1.07800000,454.21465,s,l
2025-04-01 13:37:03,1.07800000,492.57189,s,l
2025-04-01 13:37:04,1.07800000,476.72912,s,l
2025-04-01 13:37:04,1.07800000,469.15231,s,l
2025-04-01 13:37:05,1.07800000,461.71187,s,l
2025-04-01 13:37:05,1.07800000,454.45510,s,l
2025-04-01 13:37:06,1.07800000,447.35333,s,l
2025-04-01 13:37:06,1.07800000,440.31762,s,l
2025-04-01 13:37:06,1.07800000,433.50333,s,l
2025-04-01 13:37:07,1.07800000,426.87272,s,l
2025-04-01 13:37:07,1.07800000,15.24534,s,l
2025-04-01 13:37:07,1.07800000,405.38358,s,l
2025-04-01 13:37:08,1.07800000,21.48914,s,l
2025-04-01 13:37:08,1.07800000,392.84601,s,l
2025-04-01 13:37:08,1.07800000,414.33506,s,l
2025-04-01 13:37:09,1.07800000,402.25955,s,l
2025-04-01 13:37:09,1.07800000,396.34879,s,l
2025-04-01 13:37:10,1.07800000,390.74220,s,l
2025-04-01 13:37:10,1.07800000,390.74220,s,l
2025-04-01 13:37:10,1.07800000,380.96901,s,l
2025-04-01 13:37:11,1.07800000,375.73664,s,l
2025-04-01 13:37:11,1.07800000,370.68589,s,l
2025-04-01 13:37:12,1.07800000,365.98200,s,l
2025-04-01 13:37:12,1.07800000,361.09601,s,l
2025-04-01 13:37:13,1.07800000,315.25664,s,l
2025-04-01 13:37:13,1.07800000,356.41224,s,l
2025-04-01 13:37:13,1.07800000,348.16150,s,l
2025-04-01 13:37:13,1.07800000,343.83367,s,l
2025-04-01 13:37:14,1.07800000,339.75556,s,l
2025-04-01 13:37:14,1.07800000,336.27356,s,l
2025-04-01 13:37:15,1.07800000,324.23840,s,l
2025-04-01 13:37:15,1.07800000,320.42912,s,l
2025-04-01 13:37:16,1.07800000,316.53116,s,l
2025-04-01 13:37:16,1.07800000,312.90352,s,l
2025-04-01 13:37:16,1.07800000,310.36743,s,l
2025-04-01 13:37:17,1.07800000,307.26827,s,l
2025-04-01 13:37:17,1.07800000,706.82557,s,l
2025-04-01 13:37:17,1.07800000,0.11790,s,l
2025-04-01 13:37:17,1.07800000,2967.93863,s,l
2025-04-01 13:37:17,1.07800000,706.94347,s,l
2025-04-01 13:37:22,1.07800000,376.48051,s,l
2025-04-01 13:37:23,1.07800000,376.48051,s,l
2025-04-01 13:37:23,1.07800000,372.83070,s,l
2025-04-01 13:37:23,1.07800000,362.88116,s,l
2025-04-01 13:37:24,1.07800000,357.99666,s,l
2025-04-01 13:37:24,1.07800000,357.99666,s,l
2025-04-01 13:37:24,1.07800000,349.08896,s,l
2025-04-01 13:37:25,1.07800000,344.85565,s,l
2025-04-01 13:37:25,1.07800000,340.35602,s,l
2025-04-01 13:37:26,1.07800000,336.02903,s,l
2025-04-01 13:37:26,1.07800000,418.05046,s,l
2025-04-01 13:37:26,1.07800000,411.93627,s,l
2025-04-01 13:37:27,1.07800000,407.08580,s,l
2025-04-01 13:37:27,1.07800000,187.93161,s,l
2025-04-01 13:37:27,1.07800000,213.57766,s,l
2025-04-01 13:37:28,1.07800000,396.26298,s,l
2025-04-01 13:37:28,1.07800000,390.93070,s,l
2025-04-01 13:37:29,1.07800000,385.72671,s,l
2025-04-01 13:37:29,1.07800000,380.52949,s,l
2025-04-01 13:37:30,1.07800000,375.30009,s,l
2025-04-01 13:37:30,1.07800000,370.66196,s,l
2025-04-01 13:37:30,1.07800000,365.66818,s,l
2025-04-01 13:37:31,1.07800000,359.34223,s,l
2025-04-01 13:37:31,1.07800000,360.97662,s,l
2025-04-01 13:37:31,1.07800000,350.76938,s,l
2025-04-01 13:37:32,1.07800000,346.65259,s,l
2025-04-01 13:37:32,1.07800000,2868.94882,s,l
2025-04-01 13:37:32,1.07800000,6.07161,s,l
2025-04-01 13:37:32,1.07800000,340.58098,s,l
2025-04-01 13:37:36,1.07800000,338.07801,s,l
2025-04-01 13:37:36,1.07800000,338.07801,s,l
2025-04-01 13:37:36,1.07800000,329.63116,s,l
2025-04-01 13:37:37,1.07800000,328.14962,s,l
2025-04-01 13:37:37,1.07800000,324.42643,s,l
2025-04-01 13:37:38,1.07800000,320.77495,s,l
2025-04-01 13:37:38,1.07800000,317.05602,s,l
2025-04-01 13:37:38,1.07800000,313.33608,s,l
2025-04-01 13:37:39,1.07800000,309.95825,s,l
2025-04-01 13:37:39,1.07800000,306.51437,s,l
2025-04-01 13:37:40,1.07800000,303.00723,s,l
2025-04-01 13:37:40,1.07800000,299.66595,s,l
2025-04-01 13:37:41,1.07800000,296.29740,s,l
2025-04-01 13:37:41,1.07800000,292.98710,s,l
2025-04-01 13:37:41,1.07800000,289.85111,s,l
2025-04-01 13:37:42,1.07800000,286.67291,s,l
2025-04-01 13:37:42,1.07800000,5.51540,s,l
2025-04-01 13:37:42,1.07800000,278.33413,s,l
2025-04-01 13:37:43,1.07800000,281.11883,s,l
2025-04-01 13:37:43,1.07800000,278.20862,s,l
2025-04-01 13:37:44,1.07800000,276.11085,s,l
2025-04-01 13:37:44,1.07800000,273.34638,s,l
2025-04-01 13:37:44,1.07800000,270.47903,s,l
2025-04-01 13:37:45,1.07800000,268.71159,s,l
2025-04-01 13:37:45,1.07800000,267.20185,s,l
2025-04-01 13:37:46,1.07800000,266.54276,s,l
2025-04-01 13:37:46,1.07800000,265.09350,s,l
2025-04-01 13:37:47,1.07800000,263.62012,s,l
2025-04-01 13:37:47,1.07800000,237.23234,s,l
2025-04-01 13:37:47,1.07800000,24.73649,s,l
2025-04-01 13:37:47,1.07800000,261.96883,s,l
2025-04-01 13:37:48,1.07800000,256.96651,s,l
2025-04-01 13:37:48,1.07800000,254.74740,s,l
2025-04-01 13:37:49,1.07800000,252.39879,s,l
2025-04-01 13:37:49,1.07800000,250.25194,s,l
2025-04-01 13:37:50,1.07800000,247.85927,s,l
2025-04-01 13:37:50,1.07800000,244.87133,s,l
2025-04-01 13:37:50,1.07800000,242.59573,s,l
2025-04-01 13:37:51,1.07800000,240.34628,s,l
2025-04-01 13:37:51,1.07800000,238.14220,s,l
2025-04-01 13:37:52,1.07800000,235.97337,s,l
2025-04-01 13:37:52,1.07800000,136.14186,s,l
2025-04-01 13:37:52,1.07800000,100.07845,s,l
2025-04-01 13:37:53,1.07800000,234.09897,s,l
2025-04-01 13:37:53,1.07800000,232.11614,s,l
2025-04-01 13:37:53,1.07800000,230.30454,s,l
2025-04-01 13:37:54,1.07800000,228.26029,s,l
2025-04-01 13:37:54,1.07800000,226.36233,s,l
2025-04-01 13:37:55,1.07800000,224.38404,s,l
2025-04-01 13:37:55,1.07800000,222.43014,s,l
2025-04-01 13:37:56,1.07800000,220.50565,s,l
2025-04-01 13:37:56,1.07800000,218.60974,s,l
2025-04-01 13:37:57,1.07800000,216.80166,s,l
2025-04-01 13:37:57,1.07800000,215.13617,s,l
2025-04-01 13:37:57,1.07800000,213.31873,s,l
2025-04-01 13:37:58,1.07800000,128.59315,s,l
2025-04-01 13:37:58,1.07800000,82.93495,s,l
2025-04-01 13:37:58,1.07800000,211.52810,s,l
2025-04-01 13:37:59,1.07800000,207.97551,s,l
2025-04-01 13:37:59,1.07800000,206.25092,s,l
2025-04-01 13:38:00,1.07800000,204.61883,s,l
2025-04-01 13:38:00,1.07800000,204.61883,s,l
2025-04-01 13:38:00,1.07800000,201.31243,s,l
2025-04-01 13:38:01,1.07800000,199.70723,s,l
2025-04-01 13:38:01,1.07800000,198.09888,s,l
2025-04-01 13:38:02,1.07800000,196.53200,s,l
2025-04-01 13:38:02,1.07800000,194.98636,s,l
2025-04-01 13:38:03,1.07800000,193.46178,s,l
2025-04-01 13:38:03,1.07800000,191.96243,s,l
2025-04-01 13:38:03,1.07800000,161.01175,s,l
2025-04-01 13:38:03,1.07800000,29.45884,s,l
2025-04-01 13:38:04,1.07800000,189.10148,s,l
2025-04-01 13:38:04,1.07800000,187.81298,s,l
2025-04-01 13:38:05,1.07800000,186.98692,s,l
2025-04-01 13:38:05,1.07800000,185.64332,s,l
2025-04-01 13:38:06,1.07800000,184.47569,s,l
2025-04-01 13:38:06,1.07800000,183.18729,s,l
2025-04-01 13:38:06,1.07800000,182.00092,s,l
2025-04-01 13:38:07,1.07800000,180.67022,s,l
2025-04-01 13:38:07,1.07800000,179.33914,s,l
2025-04-01 13:38:08,1.07800000,178.02309,s,l
2025-04-01 13:38:08,1.07800000,176.72365,s,l
2025-04-01 13:38:09,1.07800000,172.57646,s,l
2025-04-01 13:38:09,1.07800000,2.89478,s,l
2025-04-01 13:38:09,1.07800000,174.23135,s,l
2025-04-01 13:38:09,1.07800000,172.97903,s,l
2025-04-01 13:38:10,1.07800000,172.56261,s,l
2025-04-01 13:38:10,1.07800000,171.55500,s,l
2025-04-01 13:38:11,1.07800000,170.33376,s,l
2025-04-01 13:38:11,1.07800000,169.12662,s,l
2025-04-01 13:38:12,1.07800000,167.93543,s,l
2025-04-01 13:41:32,1.07800000,371.50027,s,l
2025-04-01 13:41:32,1.07800000,371.50027,s,l
2025-04-01 13:41:32,1.07800000,292.38088,s,l
2025-04-01 13:41:32,1.07800000,12.42502,s,l
2025-04-01 13:41:32,1.07800000,371.50027,s,l
2025-04-01 13:41:32,1.07800000,1851.07471,s,l
2025-04-01 13:41:32,1.07800000,40.78985,s,l
2025-04-01 13:41:33,1.07800000,608.67244,s,l
2025-04-01 13:41:33,1.07800000,304.83131,s,l
2025-04-01 13:41:33,1.07800000,608.67244,s,l
2025-04-01 13:41:33,1.07800000,166.03396,s,l
2025-04-01 13:41:37,1.07800000,3393.50992,s,l
2025-04-01 13:41:37,1.07800000,121.22930,s,l
2025-04-01 13:42:01,1.07800000,304.94730,s,l
2025-04-01 13:43:05,1.07800000,304.95204,s,l
2025-04-01 13:44:48,1.07800000,875.36144,s,l
2025-04-01 13:44:48,1.07800000,1601.03605,s,l
2025-04-01 13:44:51,1.07800000,1912.96395,s,l
2025-04-01 13:44:51,1.07800000,305.00000,s,l
2025-04-01 13:44:51,1.07800000,305.00000,s,l
2025-04-01 13:44:51,1.07800000,334.41786,s,l
2025-04-01 13:44:51,1.07800000,608.86447,s,l
2025-04-01 13:44:51,1.07800000,608.86447,s,l
2025-04-01 13:44:52,1.07800000,608.86447,s,l
2025-04-01 13:44:52,1.07800000,315.10663,s,l
2025-04-01 13:44:54,1.07800000,0.88210,s,l
2025-04-01 13:44:54,1.07800000,607.98237,s,l
2025-04-01 13:44:55,1.07800000,608.86447,s,l
2025-04-01 13:44:55,1.07800000,608.86447,s,l
2025-04-01 13:44:56,1.07800000,608.86447,s,l
2025-04-01 13:44:56,1.07800000,608.86447,s,l
2025-04-01 13:44:57,1.07800000,608.86447,s,l
2025-04-01 13:45:02,1.07800000,1346.69528,s,l
2025-04-01 13:45:02,1.07800000,2168.04394,s,l
2025-04-01 13:45:02,1.07800000,1484.95606,s,l
2025-04-01 13:45:04,1.07800000,3514.73922,s,l
2025-04-01 13:45:04,1.07800000,1484.37868,s,l
2025-04-01 13:46:01,1.07800000,3514.73922,s,l
2025-04-01 13:50:23,1.07800000,1486.00000,s,l
2025-04-01 13:50:23,1.07800000,2028.73922,s,l
2025-04-01 13:50:23,1.07800000,1484.52156,s,l
2025-04-01 13:50:26,1.07800000,0.73922,s,l
2025-04-01 13:50:26,1.07800000,3514.00000,s,l
2025-04-01 13:51:03,1.07800000,1485.00000,s,l
2025-04-01 13:51:03,1.07800000,864.02495,s,l
2025-04-01 13:51:25,1.07800000,2650.97505,s,l
2025-04-01 13:51:25,1.07800000,863.76417,s,l
2025-04-01 13:51:25,1.07800000,863.76417,s,l
2025-04-01 13:51:25,1.07800000,1484.49661,s,l
2025-04-01 13:51:29,1.07800000,0.73922,s,l
2025-04-01 13:51:29,1.07800000,3514.00000,s,l
2025-04-01 13:51:34,1.07800000,1485.00000,s,l
2025-04-01 13:51:34,1.07800000,2029.73922,s,l
2025-04-01 13:51:38,1.07800000,1484.52156,s,l
2025-04-01 13:51:38,1.07800000,0.73922,s,l
2025-04-01 13:51:38,1.07800000,2029.47844,s,l
2025-04-01 13:52:22,1.07800000,2154.96947,s,l
2025-04-01 13:52:24,1.07800000,1359.03053,s,l
2025-04-01 13:52:24,1.07800000,1485.78234,s,l
2025-04-01 13:53:13,1.07800000,2226.17569,s,l
2025-04-01 13:53:26,1.07800000,466.91743,s,l
2025-04-01 13:53:26,1.07800000,2306.90688,s,l
2025-04-01 13:53:26,1.07800000,1207.83234,s,l
2025-04-01 13:53:26,1.07800000,1018.16766,s,l
2025-04-01 13:55:41,1.07800000,2496.17272,s,l
2025-04-01 13:55:46,1.07800000,591.81289,s,l
2025-04-01 13:55:46,1.07800000,579.83942,s,l
2025-04-01 13:55:46,1.07800000,568.37708,s,l
2025-04-01 13:55:47,1.07800000,557.29183,s,l
2025-04-01 13:55:47,1.07800000,206.50606,s,l
2025-04-01 13:55:47,1.07800000,340.07677,s,l
2025-04-01 13:55:48,1.07800000,536.24044,s,l
2025-04-01 13:55:48,1.07800000,526.23469,s,l
2025-04-01 13:55:49,1.07800000,516.72087,s,l
2025-04-01 13:58:00,1.07750000,627.75276,s,l
2025-04-01 13:58:00,1.07750000,3514.73922,s,l
2025-04-01 13:58:00,1.07750000,280.50802,s,l
2025-04-01 13:58:00,1.07750000,576.72723,s,l
2025-04-01 13:58:34,1.07750000,577.00000,s,l
2025-04-01 13:58:34,1.07750000,2451.51294,s,l
2025-04-01 14:00:00,1.07750000,1971.48706,s,l
2025-04-01 14:00:00,1.07750000,1543.25216,s,l
2025-04-01 14:00:24,1.07800000,3514.73922,s,l
2025-04-01 14:00:24,1.07800000,0.26078,s,l
2025-04-01 14:00:24,1.07800000,1484.74784,s,l
2025-04-01 14:00:25,1.07800000,0.25216,s,l
2025-04-01 14:00:25,1.07800000,3513.74784,s,l
2025-04-01 14:00:30,1.07800000,0.25216,s,l
2025-04-01 14:00:30,1.07800000,3514.48706,s,l
2025-04-01 14:00:35,1.07800000,1484.51294,s,l
2025-04-01 14:00:35,1.07800000,2030.22628,s,l
2025-04-01 14:01:09,1.07800000,2354.73746,s,l
2025-04-01 14:01:48,1.07850000,2354.00000,s,l
2025-04-01 14:01:48,1.07850000,2645.79097,s,l
2025-04-01 14:01:53,1.07850000,0.20903,s,l
2025-04-01 14:01:53,1.07850000,3514.53019,s,l
2025-04-01 14:01:55,1.07850000,339.42531,s,l
2025-04-01 14:02:01,1.07850000,303.88502,s,l
2025-04-01 14:02:03,1.07850000,300.00695,s,l
2025-04-01 14:02:03,1.07850000,300.00417,s,l
2025-04-01 14:02:03,1.07850000,241.14836,s,l
2025-04-01 14:02:03,1.07850000,58.85571,s,l
2025-04-01 14:02:03,1.07850000,300.00416,s,l
2025-04-01 14:02:04,1.07850000,588.18172,s,l
2025-04-01 14:02:04,1.07850000,283.33509,s,l
2025-04-01 14:02:05,1.07850000,279.75855,s,l
2025-04-01 14:02:05,1.07850000,304.69284,s,l
2025-04-01 14:02:05,1.07850000,359.24515,s,l
2025-04-01 14:02:06,1.07850000,354.02716,s,l
2025-04-01 14:02:06,1.07850000,348.80083,s,l
2025-04-01 14:02:07,1.07850000,343.84895,s,l
2025-04-01 14:02:07,1.07850000,338.98460,s,l
2025-04-01 14:02:07,1.07850000,294.26524,s,l
2025-04-01 14:02:07,1.07850000,67.50824,s,l
2025-04-01 14:02:07,1.07850000,361.77329,s,l
2025-04-01 14:02:15,1.07850000,325.21529,s,l
2025-04-01 14:02:15,1.07850000,206.11667,s,l
2025-04-01 14:02:16,1.07850000,323.76726,s,l
2025-04-01 14:02:16,1.07850000,323.76726,s,l
2025-04-01 14:02:16,1.07850000,314.90134,s,l
2025-04-01 14:02:17,1.07850000,310.77626,s,l
2025-04-01 14:02:17,1.07850000,361.77014,s,l
2025-04-01 14:02:17,1.07850000,310.71256,s,l
2025-04-01 14:02:17,1.07850000,361.76680,s,l
2025-04-01 14:02:17,1.07850000,51.92489,s,l
2025-04-01 14:02:17,1.07850000,207.79703,s,l
2025-04-01 14:02:17,1.07850000,621.48585,s,l
2025-04-01 14:02:17,1.07850000,102.04487,s,l
2025-04-01 14:04:11,1.07850000,64.15161,s,l
2025-04-01 14:06:39,1.07850000,3291.00000,s,l
2025-04-01 14:06:39,1.07850000,223.73922,s,l
2025-04-01 14:06:39,1.07850000,307.26078,s,l
2025-04-01 14:06:39,1.07850000,1177.84839,s,l
2025-04-01 14:06:44,1.07850000,0.15161,s,l
2025-04-01 14:06:44,1.07850000,3514.58761,s,l
2025-04-01 14:06:44,1.07850000,1484.41239,s,l
2025-04-01 14:07:29,1.07800000,3514.73922,s,l
2025-04-01 14:07:53,1.07850000,3498.52645,s,l
2025-04-01 14:07:58,1.07850000,1002.68465,s,l
2025-04-01 14:07:58,1.07850000,498.78890,s,l
2025-04-01 14:07:58,1.07850000,137.13386,s,l
2025-04-01 14:08:00,1.07850000,65.21863,s,l
2025-04-01 14:08:00,1.07850000,635.93462,s,l
2025-04-01 14:08:00,1.07850000,635.93462,s,l
2025-04-01 14:08:04,1.07850000,635.90088,s,l
2025-04-01 14:08:05,1.07850000,32.60927,s,l
2025-04-01 14:08:05,1.07850000,635.90013,s,l
2025-04-01 14:08:05,1.07850000,635.90013,s,l
2025-04-01 14:08:06,1.07850000,83.46786,s,l
2025-04-01 14:08:06,1.07850000,552.43227,s,l
2025-04-01 14:08:06,1.07850000,635.90013,s,l
2025-04-01 14:08:07,1.07850000,450.66760,s,l
2025-04-01 14:08:07,1.07850000,185.23253,s,l
2025-04-01 14:08:07,1.07850000,635.90013,s,l
2025-04-01 14:08:10,1.07850000,515.86734,s,l
2025-04-01 14:08:10,1.07850000,2998.87188,s,l
2025-04-01 14:08:11,1.07850000,1485.12812,s,l
2025-04-01 14:09:16,1.07900000,1137.44949,s,l
2025-04-01 14:09:17,1.07900000,635.76339,s,l
2025-04-01 14:09:17,1.07900000,635.76367,s,l
2025-04-01 14:09:51,1.07940000,64.15161,b,l
2025-04-01 14:09:51,1.07950000,2343.84839,s,l
2025-04-01 14:09:51,1.07950000,2592.00000,s,l
2025-04-01 14:10:38,1.07950000,3514.73922,s,l
2025-04-01 14:10:38,1.07950000,1484.44702,s,l
2025-04-01 14:10:43,1.07950000,0.81376,s,l
2025-04-01 14:10:43,1.07950000,2943.82300,s,l
2025-04-01 14:10:43,1.07950000,2055.17700,s,l
2025-04-01 14:10:48,1.07950000,640.27753,s,l
2025-04-01 14:10:48,1.07950000,640.27753,s,l
2025-04-01 14:10:48,1.07950000,640.27753,s,l
2025-04-01 14:10:49,1.07950000,640.27753,s,l
2025-04-01 14:10:51,1.07950000,640.35405,s,l
2025-04-01 14:10:51,1.07950000,640.35405,s,l
2025-04-01 14:10:51,1.07950000,640.34766,s,l
2025-04-01 14:10:51,1.07950000,517.02036,s,l
2025-04-01 14:10:53,1.07950000,0.81376,s,l
2025-04-01 14:10:53,1.07950000,762.86747,s,l
2025-04-01 14:10:53,1.07950000,640.34756,s,l
2025-04-01 14:10:53,1.07950000,640.39731,s,l
2025-04-01 14:10:53,1.07950000,640.34756,s,l
2025-04-01 14:10:53,1.07950000,640.34117,s,l
2025-04-01 14:10:53,1.07950000,394.01020,s,l
2025-04-01 14:10:53,1.07950000,246.38721,s,l
2025-04-01 14:10:54,1.07950000,393.90411,s,l
2025-04-01 14:10:54,1.07950000,246.49374,s,l
2025-04-01 14:10:54,1.07950000,147.40993,s,l
2025-04-01 14:10:54,1.07950000,99.08381,s,l
2025-04-01 14:10:54,1.07950000,48.32612,s,l
2025-04-01 14:10:54,1.07950000,50.75769,s,l
2025-04-01 14:10:55,1.07950000,48.32612,s,l
2025-04-01 14:10:57,1.07950000,640.37656,s,l
2025-04-01 14:10:57,1.07950000,640.37656,s,l
2025-04-01 14:10:58,1.07950000,640.37656,s,l
2025-04-01 14:10:58,1.07950000,640.37656,s,l
2025-04-01 14:10:59,1.07950000,640.37656,s,l
2025-04-01 14:10:59,1.07950000,1797.30344,s,l
2025-04-01 14:11:02,1.07950000,0.81376,s,l
2025-04-01 14:11:02,1.07950000,3513.92546,s,l
2025-04-01 14:11:05,1.07950000,640.32765,s,l
2025-04-01 14:11:06,1.07950000,204.41924,s,l
2025-04-01 14:11:06,1.07950000,435.90841,s,l
2025-04-01 14:11:06,1.07950000,204.41924,s,l
2025-04-01 14:11:07,1.07950000,2519.51903,s,l
2025-04-01 14:11:12,1.07950000,640.34525,s,l
2025-04-01 14:11:12,1.07950000,640.34525,s,l
2025-04-01 14:11:12,1.07950000,640.34525,s,l
2025-04-01 14:11:12,1.07950000,354.44522,s,l
2025-04-01 14:11:12,1.07950000,285.90003,s,l
2025-04-01 14:11:13,1.07950000,640.34525,s,l
2025-04-01 14:11:13,1.07950000,640.34525,s,l
2025-04-01 14:11:14,1.07950000,517.06422,s,l
2025-04-01 14:11:14,1.07950000,123.28103,s,l
2025-04-01 14:11:14,1.07950000,393.78319,s,l
2025-04-01 14:11:14,1.07950000,123.28103,s,l
2025-04-01 14:11:17,1.07950000,2499.13904,s,l
2025-04-01 14:11:17,1.07950000,361.75062,s,l
2025-04-01 14:11:19,1.07950000,640.34673,s,l
2025-04-01 14:11:20,1.07950000,640.34673,s,l
2025-04-01 14:11:20,1.07950000,218.07015,s,l
2025-04-01 14:11:20,1.07950000,204.20666,s,l
2025-04-01 14:11:20,1.07950000,218.06992,s,l
2025-04-01 14:11:20,1.07950000,13.04973,s,l
2025-04-01 14:11:20,1.07950000,204.20666,s,l
2025-04-01 14:11:22,1.07950000,0.81376,s,l
2025-04-01 14:11:22,1.07950000,639.52046,s,l
2025-04-01 14:11:22,1.07950000,640.33422,s,l
2025-04-01 14:11:23,1.07950000,640.33422,s,l
2025-04-01 14:11:25,1.07950000,2438.66312,s,l
2025-04-01 14:11:27,1.07950000,640.14798,s,l
2025-04-01 14:11:27,1.07950000,0.10769,s,l
2025-04-01 14:11:27,1.07950000,3514.73922,s,l
2025-04-01 14:11:31,1.07950000,844.15309,s,l
2025-04-01 14:11:31,1.07950000,3514.73922,s,l
2025-04-01 14:11:31,1.07950000,640.26078,s,l
2025-04-01 14:11:36,1.07950000,3514.73922,s,l
2025-04-01 14:11:36,1.07950000,1484.44702,s,l
2025-04-01 14:11:42,1.07950000,0.81376,s,l
2025-04-01 14:11:42,1.07950000,3513.92546,s,l
2025-04-01 14:11:46,1.07950000,1485.07454,s,l
2025-04-01 14:11:46,1.07950000,223.85070,s,l
2025-04-01 14:11:46,1.07950000,640.29309,s,l
2025-04-01 14:11:50,1.07950000,2649.85621,s,l
2025-04-01 14:11:51,1.07950000,2349.18624,s,l
2025-04-01 14:11:56,1.07950000,0.81376,s,l
2025-04-01 14:11:56,1.07950000,3513.92546,s,l
2025-04-01 14:11:56,1.07950000,1485.07454,s,l
2025-04-01 14:12:01,1.07950000,3514.73922,s,l
2025-04-01 14:12:01,1.07950000,1484.44702,s,l
2025-04-01 14:12:06,1.07950000,0.81376,s,l
2025-04-01 14:12:06,1.07950000,3513.92546,s,l
2025-04-01 14:12:22,1.07950000,2521.11143,s,l
2025-04-01 14:12:22,1.07950000,640.22010,s,l
2025-04-01 14:12:33,1.07950000,304.39089,s,l
2025-04-01 14:12:35,1.07950000,1534.27758,s,l
2025-04-01 14:12:35,1.07950000,1980.46164,s,l
2025-04-01 14:12:35,1.07950000,1180.53836,s,l
2025-04-01 14:12:36,1.07950000,304.00000,s,l
2025-04-01 14:12:40,1.07950000,3514.73922,s,l
2025-04-01 14:12:44,1.07950000,640.22482,s,l
2025-04-01 14:12:44,1.07950000,204.07192,s,l
2025-04-01 14:12:44,1.07950000,436.15290,s,l
2025-04-01 14:12:45,1.07950000,204.07192,s,l
2025-04-01 14:12:46,1.07950000,0.73922,s,l
2025-04-01 14:12:46,1.07950000,639.48560,s,l
2025-04-01 14:12:46,1.07950000,640.22482,s,l
2025-04-01 14:12:46,1.07950000,640.22482,s,l
2025-04-01 14:12:47,1.07950000,304.39089,s,l
2025-04-01 14:12:47,1.07950000,640.26956,s,l
2025-04-01 14:12:47,1.07950000,304.39369,s,l
2025-04-01 14:12:47,1.07950000,640.26956,s,l
2025-04-01 14:12:48,1.07950000,304.39369,s,l
2025-04-01 14:12:48,1.07950000,376.21446,s,l
2025-04-01 14:12:49,1.07950000,304.39369,s,l
2025-04-01 14:12:50,1.07950000,0.73922,s,l
2025-04-01 14:12:50,1.07950000,639.52043,s,l
2025-04-01 14:12:50,1.07950000,640.25965,s,l
2025-04-01 14:12:50,1.07950000,304.39089,s,l
2025-04-01 14:12:51,1.07950000,640.25965,s,l
2025-04-01 14:12:51,1.07950000,304.39089,s,l
2025-04-01 14:12:51,1.07950000,2165.78760,s,l
2025-04-01 14:12:51,1.07950000,304.39089,s,l
2025-04-01 14:12:55,1.07950000,3514.73922,s,l
2025-04-01 14:12:55,1.07950000,1484.52156,s,l
2025-04-01 14:13:00,1.07950000,0.73922,s,l
2025-04-01 14:13:00,1.07950000,3514.00000,s,l
2025-04-01 14:13:00,1.07950000,1485.00000,s,l
2025-04-01 14:13:05,1.07950000,1288.12727,s,l
2025-04-01 14:14:50,1.08000000,3514.73922,s,l
2025-04-01 14:14:50,1.08000000,197.26078,s,l
2025-04-01 14:14:51,1.08000000,197.26078,b,l
2025-04-01 14:14:51,1.08000000,625.37426,s,l
2025-04-01 14:14:51,1.08000000,463.24253,s,l
2025-04-01 14:14:55,1.08000000,2.12243,s,l
2025-04-01 14:14:55,1.08000000,2477.96098,s,l
2025-04-01 14:14:55,1.08000000,639.83083,s,l
2025-04-01 14:14:55,1.08000000,181.31305,s,l
2025-04-01 14:15:03,1.08000000,1697.89514,s,l
2025-04-01 14:15:03,1.08000000,1291.95532,s,l
2025-04-01 14:15:03,1.08000000,524.88876,s,l
2025-04-01 14:15:04,1.08000000,1333.61276,s,l
2025-04-01 14:15:05,1.08000000,151.54316,s,l
2025-04-01 14:15:05,1.08000000,488.33526,s,l
2025-04-01 14:15:05,1.08000000,639.87842,s,l
2025-04-01 14:15:05,1.08000000,639.87842,s,l
2025-04-01 14:15:06,1.08000000,639.87842,s,l
2025-04-01 14:15:06,1.08000000,466.15106,s,l
2025-04-01 14:15:06,1.08000000,173.60493,s,l
2025-04-01 14:15:06,1.08000000,292.54613,s,l
2025-04-01 14:15:06,1.08000000,173.60493,s,l
2025-04-01 14:16:55,1.08000000,9.18435,s,l
2025-04-01 14:16:55,1.08000000,1841.54120,s,l
2025-04-01 14:16:55,1.08000000,652.92787,s,l
2025-04-01 14:17:07,1.08000000,652.97055,s,l
2025-04-01 14:17:07,1.08000000,1843.37603,s,l
2025-04-01 14:17:07,1.08000000,1671.36319,s,l
2025-04-01 14:17:07,1.08000000,831.63681,s,l
2025-04-01 14:17:09,1.08000000,3514.73922,s,l
2025-04-01 14:17:09,1.08000000,1485.26078,s,l
2025-04-01 14:17:14,1.08000000,2505.21018,s,l
2025-04-01 14:17:36,1.08000000,2494.78982,s,l
2025-04-01 14:17:36,1.08000000,1019.94940,s,l
2025-04-01 14:17:36,1.08000000,1485.05060,s,l
2025-04-01 14:17:39,1.08000000,3514.73922,s,l
2025-04-01 14:17:39,1.08000000,1485.26078,s,l
2025-04-01 14:28:19,1.07900000,674.34735,s,l
2025-04-01 14:28:19,1.07900000,674.34735,s,l
2025-04-01 14:28:20,1.07900000,674.34735,s,l
2025-04-01 14:28:20,1.07900000,674.34735,s,l
2025-04-01 14:28:21,1.07900000,674.34735,s,l
2025-04-01 14:28:21,1.07900000,674.34735,s,l
2025-04-01 14:28:21,1.07900000,92.15681,s,l
2025-04-01 14:28:21,1.07900000,674.40463,s,l
2025-04-01 14:28:24,1.07900000,187.35446,s,l
2025-04-01 14:28:24,1.07900000,1348.00000,s,l
2025-04-01 14:28:25,1.07900000,3514.73922,s,l
2025-04-01 14:28:27,1.07900000,1485.26078,s,l
2025-04-01 14:29:07,1.07850000,3514.73922,s,l
2025-04-01 14:29:08,1.07850000,1485.26078,s,l
2025-04-01 14:29:08,1.07850000,3514.00000,s,l
2025-04-01 14:32:58,1.07900000,3514.73922,s,l
2025-04-01 14:32:58,1.07900000,1485.26078,s,l
2025-04-01 14:40:44,1.07950000,3514.73922,s,l
2025-04-01 14:40:44,1.07950000,1485.26078,s,l
2025-04-01 20:47:57,1.07900000,3515.09474,s,l
2025-04-01 20:47:57,1.07900000,1484.90526,s,l
2025-04-02 13:12:55,1.08100000,111.09620,s,l
2025-04-02 14:31:42,1.08100000,6.51358,s,m
2025-04-02 14:31:56,1.08100000,6.54181,s,m
2025-04-02 14:50:34,1.08400000,445.00000,b,l
2025-04-02 14:52:26,1.08450000,3515.09474,s,l
2025-04-02 15:47:47,1.08500000,11.67350,s,l
2025-04-02 20:11:39,1.08310000,16.21307,s,l
2025-04-02 20:13:40,1.08750000,10.17135,s,l
2025-04-02 20:13:41,1.08750000,1000.00000,s,l
2025-04-02 20:13:58,1.08800000,1000.00000,s,l
2025-04-02 20:13:58,1.08800000,10.00000,s,l
2025-04-02 20:14:21,1.08850000,1000.00000,s,l
2025-04-02 20:14:36,1.08810000,16.64349,s,l
2025-04-02 20:14:37,1.08800000,1816.33597,s,l
2025-04-02 20:15:05,1.08750000,1816.33597,s,l
2025-04-02 20:15:05,1.08750000,1366.98905,s,l
2025-04-02 20:15:05,1.08750000,449.34692,s,l
2025-04-02 20:15:05,1.08750000,1366.98905,s,l
2025-04-02 20:16:03,1.08750000,10.14887,s,l
2025-04-02 20:16:04,1.08750000,10.14611,s,l
2025-04-02 20:17:11,1.08830000,16.21307,b,l
2025-04-02 20:17:31,1.08950000,1816.33597,s,l
2025-04-02 20:17:31,1.08950000,183.66403,s,l
2025-04-02 20:17:38,1.09050000,1816.33597,s,l
2025-04-02 20:17:39,1.09050000,24.12309,s,l
2025-04-02 20:17:40,1.09050000,159.54094,s,l
2025-04-02 20:17:40,1.09050000,24.12309,s,l
2025-04-02 20:17:55,1.09100000,184.00000,s,l
2025-04-02 20:17:55,1.09100000,69.74467,s,l
2025-04-02 20:18:01,1.09050000,1816.33597,s,l
2025-04-02 20:18:01,1.09050000,1050.31556,s,l
2025-04-02 20:18:01,1.09050000,766.02041,s,l
2025-04-02 20:18:02,1.09050000,1304.31556,s,l
2025-04-02 20:18:03,1.09050000,63.01250,s,l
2025-04-02 20:18:17,1.08900000,1816.33597,s,l
2025-04-02 20:18:17,1.08900000,1367.32806,s,l
2025-04-02 20:18:20,1.08900000,1816.33597,s,l
2025-04-02 20:18:20,1.08900000,1816.33597,s,l
2025-04-02 20:18:20,1.08900000,1366.66403,s,l
2025-04-02 20:19:06,1.08750000,291.29103,s,l
2025-04-02 20:19:12,1.08750000,717.45066,s,l
2025-04-02 20:25:13,1.08710000,16.26205,s,l
2025-04-02 20:25:13,1.08700000,1800.07392,s,l
2025-04-02 20:25:13,1.08700000,1366.58637,s,l
2025-04-02 20:25:13,1.08700000,25.41554,s,l
2025-04-02 20:25:14,1.08700000,1790.92043,s,l
2025-04-02 20:27:01,1.08700000,272.11241,s,l
2025-04-02 20:27:01,1.08700000,272.11195,s,l
2025-04-02 20:27:01,1.08700000,1272.11161,s,l
2025-04-02 20:27:01,1.08700000,272.11241,s,l
2025-04-02 20:27:02,1.08700000,490.07350,s,l
2025-04-02 20:27:02,1.08700000,490.06991,s,l
2025-04-02 20:27:02,1.08700000,490.11048,s,l
2025-04-02 20:27:02,1.08700000,346.08208,s,l
2025-04-02 20:27:02,1.08700000,1095.21565,s,l
2025-04-02 20:27:10,1.08700000,1095.25390,s,l
2025-04-02 20:27:10,1.08700000,3904.74610,s,l
2025-04-02 20:27:13,1.07110000,231.63161,s,l
2025-04-02 20:27:38,1.08200000,230.95755,s,l
2025-04-02 20:28:03,1.08100000,231.16042,s,l
2025-04-02 20:28:39,1.08150000,1816.33597,b,l
2025-04-02 20:28:39,1.08150000,1367.32806,b,l
2025-04-02 20:28:39,1.08150000,1816.33597,b,l
2025-04-02 20:28:53,1.08250000,227.70744,s,l
2025-04-02 20:29:43,1.08350000,230.62730,s,l
2025-04-02 20:30:08,1.07050000,231.96474,s,l
2025-04-02 20:30:58,1.08200000,230.94688,s,l
2025-04-02 20:32:13,1.08350000,230.62730,s,l
2025-04-02 20:33:03,1.08250000,85.97309,s,l
2025-04-02 20:55:20,1.08340000,454.08399,b,l
2025-04-02 21:26:24,1.12200000,13.36898,b,l
2025-04-02 21:45:18,1.12200000,25.84670,b,l
2025-04-02 21:45:34,1.12200000,2.35476,b,l
2025-04-03 05:23:37,1.09170000,16.26205,b,l
2025-04-03 05:23:37,1.09190000,16.64349,b,l
2025-04-03 06:36:40,1.09550000,18.54234,s,l
2025-04-03 09:14:23,1.10310000,13.41351,s,l
2025-04-03 10:12:43,1.10950000,1576.94361,s,l
2025-04-03 10:19:49,1.10950000,225.22522,s,l
2025-04-03 10:21:29,1.11000000,225.07314,s,l
2025-04-03 10:21:40,1.11050000,13.41351,s,l
2025-04-03 10:22:19,1.10900000,120.45919,s,l
2025-04-03 10:55:32,1.10510000,14.05339,s,l
2025-04-03 11:19:57,1.10410000,13.10970,s,l
2025-04-03 11:47:52,1.10840000,13.10970,b,l
2025-04-03 12:04:34,1.10890000,13.00000,b,l
2025-04-03 12:04:35,1.10890000,1.05339,b,l
2025-04-03 13:21:54,1.11210000,12.44365,s,l
2025-04-03 13:27:20,1.11100000,100.00000,b,l
2025-04-03 15:17:09,1.10850000,230.50870,b,l
2025-04-03 15:17:11,1.10850000,16.98740,b,l
2025-04-04 04:27:28,1.10890000,1.01000,b,l
2025-04-04 04:28:34,1.10890000,1.01000,b,l
2025-04-04 04:36:08,1.10790000,1.01090,b,l
2025-04-04 08:50:30,1.09900000,2475.62120,s,l
2025-04-04 09:32:31,1.09700000,27.05233,s,l
2025-04-04 10:07:24,1.09650000,194.10170,s,l
2025-04-04 10:30:32,1.10300000,406.62904,s,l
2025-04-04 10:30:33,1.10300000,404.56316,s,l
2025-04-04 10:30:33,1.10300000,404.56612,s,l
2025-04-04 10:30:33,1.10300000,404.56643,s,l
2025-04-04 10:30:33,1.10300000,404.56692,s,l
2025-04-04 10:30:33,1.10300000,404.56732,s,l
2025-04-04 10:30:33,1.10300000,404.56781,s,l
2025-04-04 10:30:33,1.10300000,404.56822,s,l
2025-04-04 10:30:33,1.10300000,404.56862,s,l
2025-04-04 10:30:33,1.10300000,404.56902,s,l
2025-04-04 10:30:33,1.10300000,404.56942,s,l
2025-04-04 10:30:33,1.10300000,404.56981,s,l
2025-04-04 10:30:33,1.10300000,143.12811,s,l
2025-04-04 11:25:07,1.10600000,13.59927,b,m
2025-04-04 12:01:42,1.11500000,5.00000,b,m
2025-04-04 12:30:06,1.10700000,2705.71772,s,l
2025-04-04 12:30:07,1.10700000,2279.28228,s,l
2025-04-04 12:30:22,1.10750000,225.51936,s,l
2025-04-04 12:30:22,1.10750000,262.44383,s,l
2025-04-04 12:30:24,1.10750000,252.97662,s,l
2025-04-04 12:30:24,1.10750000,253.01620,s,l
2025-04-04 12:30:24,1.10750000,129.73047,s,l
2025-04-04 12:30:24,1.10750000,253.07522,s,l
2025-04-04 12:30:25,1.10580000,10.15220,b,l
2025-04-04 12:30:43,1.10480000,9.13335,b,l
2025-04-04 12:31:36,1.10650000,238.83227,s,l
2025-04-04 12:31:36,1.10650000,238.87792,s,l
2025-04-04 12:31:36,1.10650000,238.92573,s,l
2025-04-04 12:31:36,1.10650000,129.76560,s,l
2025-04-04 12:31:36,1.10650000,238.99614,s,l
2025-04-04 12:31:36,1.10650000,3902.85853,s,l
2025-04-04 12:31:42,1.10550000,11.65744,s,l
2025-04-04 12:31:42,1.10550000,11.65743,s,l
2025-04-04 13:21:54,1.10310000,15.34938,s,l
2025-04-04 13:53:12,1.10050000,89.04405,s,l
2025-04-04 13:53:12,1.10050000,89.05700,s,l
2025-04-04 13:53:12,1.10050000,89.06985,s,l
2025-04-04 13:53:12,1.10050000,89.08280,s,l
2025-04-04 13:53:12,1.10050000,89.09574,s,l
2025-04-04 13:53:12,1.10050000,89.10869,s,l
2025-04-04 13:53:13,1.10050000,89.12164,s,l
2025-04-04 13:53:13,1.10050000,89.13458,s,l
2025-04-04 15:02:34,1.09900000,89.80763,s,l
2025-04-04 15:02:34,1.09900000,89.83528,s,l
2025-04-04 15:02:34,1.09900000,89.86294,s,l
2025-04-04 15:02:34,1.09900000,89.89061,s,l
2025-04-04 15:02:34,1.09900000,89.91828,s,l
2025-04-04 15:02:34,1.09900000,89.94596,s,l
2025-04-04 15:02:34,1.09900000,89.97365,s,l
2025-04-04 15:02:34,1.09900000,90.00134,s,l
2025-04-04 15:02:34,1.09900000,90.02905,s,l
2025-04-04 15:02:34,1.09900000,90.05677,s,l
2025-04-04 15:02:34,1.09900000,90.08450,s,l
2025-04-04 15:02:34,1.09900000,90.11224,s,l
2025-04-04 15:02:35,1.09900000,90.13998,s,l
2025-04-04 15:02:35,1.09900000,67.21793,s,l
2025-04-04 15:02:35,1.09900000,90.18842,s,l
2025-04-04 15:02:35,1.09900000,90.21619,s,l
2025-04-04 15:02:35,1.09900000,90.24397,s,l
2025-04-04 15:02:35,1.09900000,90.27175,s,l
2025-04-04 15:02:35,1.09900000,90.29954,s,l
2025-04-04 15:02:35,1.09900000,90.32733,s,l
2025-04-04 15:02:35,1.09900000,90.35515,s,l
2025-04-04 15:02:35,1.09900000,90.38297,s,l
2025-04-04 15:02:35,1.09900000,90.41080,s,l
2025-04-04 15:02:35,1.09900000,90.43864,s,l
2025-04-04 15:02:35,1.09900000,90.46648,s,l
2025-04-04 15:02:35,1.09900000,90.49432,s,l
2025-04-04 15:02:35,1.09900000,90.52219,s,l
2025-04-04 15:02:35,1.09900000,90.55006,s,l
2025-04-04 15:02:35,1.09900000,90.57794,s,l
2025-04-04 15:02:35,1.09900000,90.60583,s,l
2025-04-04 15:02:35,1.09900000,90.63371,s,l
2025-04-04 15:02:35,1.09900000,90.66162,s,l
2025-04-04 15:02:35,1.09900000,90.68954,s,l
2025-04-04 15:02:35,1.09900000,90.71746,s,l
2025-04-04 15:02:35,1.09900000,90.74539,s,l
2025-04-04 15:02:35,1.09900000,90.77332,s,l
2025-04-04 15:02:35,1.09900000,90.80127,s,l
2025-04-04 15:02:35,1.09900000,90.82923,s,l
2025-04-04 15:02:35,1.09900000,90.85720,s,l
2025-04-04 15:02:35,1.09900000,90.88516,s,l
2025-04-04 15:02:35,1.09900000,90.91315,s,l
2025-04-04 15:02:35,1.09900000,67.04329,s,l
2025-04-04 15:02:35,1.09900000,86.68428,s,l
2025-04-04 15:02:35,1.09900000,86.69761,s,l
2025-04-04 15:02:35,1.09900000,86.71103,s,l
2025-04-04 15:02:35,1.09900000,86.72444,s,l
2025-04-04 15:02:35,1.09900000,86.73786,s,l
2025-04-04 15:02:35,1.09900000,86.75128,s,l
2025-04-04 15:02:35,1.09900000,86.76470,s,l
2025-04-04 15:02:35,1.09900000,86.77811,s,l
2025-04-04 15:02:35,1.09900000,86.79153,s,l
2025-04-04 15:02:35,1.09900000,86.80495,s,l
2025-04-04 15:02:35,1.09900000,86.81836,s,l
2025-04-04 15:02:35,1.09900000,86.83178,s,l
2025-04-04 15:02:35,1.09900000,86.84520,s,l
2025-04-04 15:02:35,1.09900000,86.85862,s,l
2025-04-04 15:02:35,1.09900000,36.42217,s,l
2025-04-04 15:15:07,1.09850000,74.41991,s,l
2025-04-04 15:15:07,1.09850000,74.44282,s,l
2025-04-04 15:15:07,1.09850000,74.46573,s,l
2025-04-04 15:15:07,1.09850000,74.48864,s,l
2025-04-04 15:15:07,1.09850000,74.51157,s,l
2025-04-04 15:15:07,1.09850000,74.53451,s,l
2025-04-04 15:15:07,1.09850000,74.55745,s,l
2025-04-04 15:15:07,1.09850000,74.58040,s,l
2025-04-04 15:15:07,1.09850000,74.60334,s,l
2025-04-04 15:15:07,1.09850000,74.62631,s,l
2025-04-04 15:15:07,1.09850000,74.64928,s,l
2025-04-04 15:15:07,1.09850000,74.67226,s,l
2025-04-04 15:15:07,1.09850000,74.69523,s,l
2025-04-04 15:15:07,1.09850000,74.71823,s,l
2025-04-04 15:15:07,1.09850000,74.74123,s,l
2025-04-04 15:15:07,1.09850000,74.76424,s,l
2025-04-04 15:15:07,1.09850000,74.78724,s,l
2025-04-04 15:15:07,1.09850000,74.81027,s,l
2025-04-04 15:15:07,1.09850000,74.83330,s,l
2025-04-04 15:15:07,1.09850000,74.85633,s,l
2025-04-04 15:15:07,1.09850000,74.87936,s,l
2025-04-04 15:15:07,1.09850000,74.90241,s,l
2025-04-04 15:25:12,1.09700000,15.36466,s,l
2025-04-04 15:25:12,1.09700000,93.76820,s,l
2025-04-04 15:25:12,1.09700000,297.44303,s,l
2025-04-04 15:25:12,1.09700000,297.53992,s,l
2025-04-04 15:25:12,1.09700000,297.63682,s,l
2025-04-04 15:25:12,1.09700000,297.73375,s,l
2025-04-04 15:25:12,1.09700000,297.83071,s,l
2025-04-04 15:25:12,1.09700000,297.92771,s,l
2025-04-04 15:25:12,1.09700000,298.02474,s,l
2025-04-04 15:25:13,1.09700000,98.47994,s,l
2025-04-04 15:25:13,1.09700000,311.92031,s,l
2025-04-04 15:25:13,1.09700000,311.98547,s,l
2025-04-04 15:25:13,1.09700000,312.05050,s,l
2025-04-04 15:25:13,1.09700000,312.11553,s,l
2025-04-04 15:25:13,1.09700000,312.18056,s,l
2025-04-04 15:25:13,1.09700000,312.24559,s,l
2025-04-04 15:25:13,1.09700000,312.31053,s,l
2025-04-04 15:25:13,1.09700000,312.37547,s,l
2025-04-04 15:25:13,1.09700000,211.06656,s,l
2025-04-04 15:27:32,1.09800000,93.28340,s,l
2025-04-04 15:27:32,1.09800000,683.31771,s,l
2025-04-04 15:27:32,1.09800000,685.77793,s,l
2025-04-04 15:27:32,1.09800000,685.93319,s,l
2025-04-04 15:27:32,1.09800000,686.07725,s,l
2025-04-04 15:27:32,1.09800000,686.24350,s,l
2025-04-04 15:27:32,1.09800000,686.39875,s,l
2025-04-04 15:27:32,1.09800000,686.55401,s,l
2025-04-04 15:27:32,1.09800000,104.09810,s,l
2025-04-04 15:32:33,1.09750000,147.05001,s,l
2025-04-04 15:32:33,1.09750000,147.06734,s,l
2025-04-04 15:32:33,1.09750000,147.08468,s,l
2025-04-04 15:32:33,1.09750000,147.10202,s,l
2025-04-04 15:32:33,1.09750000,147.11936,s,l
2025-04-04 15:32:33,1.09750000,147.13670,s,l
2025-04-04 15:32:33,1.09750000,147.15404,s,l
2025-04-04 15:32:33,1.09750000,147.17129,s,l
2025-04-04 15:32:33,1.09750000,147.18844,s,l
2025-04-04 15:32:33,1.09750000,147.20560,s,l
2025-04-04 15:32:33,1.09750000,147.22276,s,l
2025-04-04 15:32:33,1.09750000,147.24001,s,l
2025-04-04 15:32:33,1.09750000,147.25716,s,l
2025-04-04 15:32:33,1.09750000,147.27432,s,l
2025-04-04 15:32:33,1.09750000,147.29157,s,l
2025-04-04 15:32:33,1.09750000,147.30882,s,l
2025-04-04 15:32:33,1.09750000,147.32598,s,l
2025-04-04 15:32:33,1.09750000,147.34322,s,l
2025-04-04 15:32:33,1.09750000,147.36047,s,l
2025-04-04 15:32:33,1.09750000,147.37772,s,l
2025-04-04 15:32:33,1.09750000,147.39497,s,l
2025-04-04 15:32:33,1.09750000,147.41222,s,l
2025-04-04 15:32:33,1.09750000,147.42946,s,l
2025-04-04 20:54:53,1.09400000,249.72824,b,l
2025-04-04 20:54:53,1.09400000,248.76238,b,l
2025-04-04 20:54:53,1.09400000,248.76420,b,l
2025-04-04 20:54:53,1.09400000,248.76602,b,l
2025-04-04 20:54:53,1.09400000,248.76793,b,l
2025-04-04 20:54:53,1.09400000,248.76984,b,l
2025-04-04 20:54:53,1.09400000,248.77175,b,l
2025-04-04 20:54:53,1.09400000,248.77357,b,l
2025-04-04 20:54:54,1.09400000,248.77539,b,l
2025-04-04 20:54:54,1.09400000,248.77722,b,l
2025-04-04 20:54:54,1.09400000,248.77904,b,l
2025-04-04 20:54:54,1.09400000,248.78086,b,l
2025-04-04 20:54:54,1.09400000,248.78268,b,l
2025-04-04 20:54:54,1.09400000,248.78441,b,l
2025-04-04 20:54:54,1.09400000,248.78623,b,l
2025-04-04 20:54:54,1.09400000,248.78814,b,l
2025-04-04 20:54:54,1.09400000,248.78996,b,l
2025-04-04 20:54:54,1.09400000,248.79187,b,l
2025-04-04 20:54:54,1.09400000,248.79378,b,l
2025-04-04 20:54:54,1.09400000,248.79570,b,l
2025-04-04 20:54:54,1.09400000,23.47079,b,l
2025-04-04 20:54:56,1.09400000,248.79998,b,l
2025-04-04 20:54:56,1.09400000,248.71166,b,l
2025-04-04 20:55:01,1.09400000,248.71339,b,l
2025-04-04 20:55:01,1.09400000,248.30179,b,l
2025-04-04 20:55:01,1.09400000,248.31682,b,l
2025-04-04 20:55:01,1.09400000,248.33193,b,l
2025-04-04 20:55:01,1.09400000,248.34713,b,l
2025-04-04 20:55:01,1.09400000,248.36225,b,l
2025-04-04 20:55:01,1.09400000,248.37745,b,l
2025-04-04 20:55:01,1.09400000,248.39265,b,l
2025-04-04 20:55:01,1.09400000,248.40786,b,l
2025-04-04 20:55:01,1.09400000,248.42306,b,l
2025-04-04 20:55:01,1.09400000,248.43827,b,l
2025-04-04 20:55:01,1.09400000,248.45347,b,l
2025-04-04 20:55:01,1.09400000,248.46867,b,l
2025-04-04 20:55:01,1.09400000,248.48397,b,l
2025-04-04 20:55:01,1.09400000,248.49917,b,l
2025-04-04 20:55:01,1.09400000,248.51438,b,l
2025-04-04 20:55:01,1.09400000,248.52967,b,l
2025-04-04 20:55:01,1.09400000,248.54497,b,l
2025-04-04 20:55:02,1.09400000,30.58146,b,l
2025-04-04 20:55:02,1.09400000,217.97880,b,l
2025-04-04 20:55:02,1.09400000,248.57565,b,l
2025-04-04 20:55:02,1.09400000,30.44555,b,l
2025-04-04 20:55:06,1.09400000,248.58830,b,l
2025-04-04 20:55:06,1.09400000,248.51237,b,l
2025-04-04 20:55:06,1.09400000,248.52767,b,l
2025-04-04 20:55:06,1.09400000,248.54287,b,l
2025-04-04 20:55:06,1.09400000,248.55817,b,l
2025-04-04 20:55:06,1.09400000,248.57346,b,l
2025-04-04 20:55:06,1.09400000,248.58867,b,l
2025-04-04 20:55:06,1.09400000,248.60396,b,l
2025-04-04 20:55:06,1.09400000,248.61935,b,l
2025-04-04 20:55:06,1.09400000,248.63455,b,l
2025-04-04 20:55:06,1.09400000,248.64985,b,l
2025-04-04 20:55:06,1.09400000,248.66514,b,l
2025-04-04 20:55:06,1.09400000,248.68035,b,l
2025-04-04 20:55:06,1.09400000,248.69564,b,l
2025-04-04 20:55:06,1.09400000,248.71094,b,l
2025-04-04 20:55:06,1.09400000,248.72623,b,l
2025-04-04 20:55:06,1.09400000,248.74144,b,l
2025-04-04 20:55:06,1.09400000,248.75673,b,l
2025-04-04 20:55:06,1.09400000,79.21872,b,l
2025-04-04 22:38:58,1.09320000,52.34619,s,l
2025-04-05 07:48:17,1.09400000,69.79350,b,l
2025-04-05 07:48:18,1.09400000,69.79350,b,l
2025-04-05 07:48:18,1.09400000,69.79350,b,l
2025-04-05 07:48:19,1.09400000,69.79350,b,l
2025-04-05 07:48:19,1.09400000,379.08506,b,l
2025-04-05 07:48:19,1.09400000,379.12548,b,l
2025-04-05 07:48:19,1.09400000,379.16591,b,l
2025-04-05 07:48:19,1.09400000,379.20633,b,l
2025-04-05 07:48:19,1.09400000,379.24684,b,l
2025-04-05 07:48:19,1.09400000,379.28736,b,l
2025-04-05 07:48:19,1.09400000,379.32778,b,l
2025-04-05 07:48:19,1.09400000,379.36829,b,l
2025-04-05 07:48:19,1.09400000,379.40881,b,l
2025-04-05 07:48:19,1.09400000,379.44932,b,l
2025-04-05 07:48:19,1.09400000,69.81494,b,l
2025-04-05 07:48:19,1.09400000,511.81371,b,l
2025-04-05 07:48:19,1.09400000,346.52616,b,l
2025-04-05 07:48:40,1.09400000,69.82187,b,l
2025-04-05 07:48:40,1.09400000,69.82187,b,l
2025-04-05 07:48:40,1.09400000,511.42278,b,l
2025-04-05 07:48:40,1.09400000,511.64856,b,l
2025-04-05 07:48:40,1.09400000,511.75454,b,l
2025-04-05 07:48:40,1.09400000,319.32127,b,l
2025-04-05 07:48:40,1.09400000,511.86333,b,l
2025-04-05 07:48:40,1.09400000,512.02675,b,l
2025-04-05 07:48:40,1.09400000,512.13263,b,l
2025-04-05 07:48:40,1.09400000,512.23824,b,l
2025-04-05 07:48:40,1.09400000,512.34394,b,l
2025-04-05 07:48:40,1.09400000,444.60421,b,l
2025-04-05 14:07:51,1.09390000,52.34619,b,l
2025-04-05 14:07:51,1.09400000,2299.85181,b,l
2025-04-05 15:35:53,1.09300000,23.78578,s,l
2025-04-05 19:04:31,1.09400000,535.37426,b,l
2025-04-05 19:04:31,1.09400000,533.57898,b,l
2025-04-05 19:04:31,1.09400000,533.64061,b,l
2025-04-05 19:04:31,1.09400000,533.70233,b,l
2025-04-05 19:04:31,1.09400000,533.76414,b,l
2025-04-05 19:04:31,1.09400000,29.08787,b,l
2025-04-05 19:04:31,1.09400000,504.73808,b,l
2025-04-05 19:04:31,1.09400000,533.88767,b,l
2025-04-05 19:04:31,1.09400000,533.94940,b,l
2025-04-05 19:04:31,1.09400000,534.01130,b,l
2025-04-05 19:04:31,1.09400000,193.41354,b,l
2025-04-05 19:04:33,1.09400000,74.78743,b,l
2025-04-05 19:04:33,1.09400000,534.13228,b,l
2025-04-05 19:04:33,1.09400000,533.76178,b,l
2025-04-05 19:04:33,1.09400000,533.83315,b,l
2025-04-05 19:04:33,1.09400000,533.90461,b,l
2025-04-05 19:04:33,1.09400000,533.97616,b,l
2025-04-05 19:04:33,1.09400000,74.78675,b,l
2025-04-05 19:04:33,1.09400000,90.48314,b,l
2025-04-05 19:04:38,1.09400000,74.78539,b,l
2025-04-05 19:04:38,1.09400000,74.78539,b,l
2025-04-05 19:04:38,1.09400000,534.11681,b,l
2025-04-05 19:04:38,1.09400000,534.02413,b,l
2025-04-05 19:04:38,1.09400000,534.10534,b,l
2025-04-05 19:04:38,1.09400000,337.51764,b,l
2025-04-05 19:04:38,1.09400000,196.66881,b,l
2025-04-05 19:04:38,1.09400000,534.26765,b,l
2025-04-05 19:04:38,1.09400000,534.34885,b,l
2025-04-05 19:04:38,1.09400000,534.42987,b,l
2025-04-05 19:04:38,1.09400000,348.02820,b,l
2025-04-05 19:04:43,1.09400000,74.78539,b,l
2025-04-05 19:04:43,1.09400000,74.78539,b,l
2025-04-05 19:04:43,1.09400000,534.60284,b,l
2025-04-05 19:04:43,1.09400000,78.08299,b,l
2025-04-05 19:04:43,1.09400000,534.61285,b,l
2025-04-05 19:04:43,1.09400000,534.42059,b,l
2025-04-05 19:04:43,1.09400000,534.50170,b,l
2025-04-05 19:04:43,1.09400000,534.58272,b,l
2025-04-05 19:04:43,1.09400000,381.67642,b,l
2025-04-05 20:55:31,1.09400000,672.94576,b,l
2025-04-05 20:55:31,1.09400000,673.15870,b,l
2025-04-05 20:55:31,1.09400000,371.10126,b,l
2025-04-05 20:55:31,1.09400000,302.14111,b,l
2025-04-05 20:55:31,1.09400000,673.32595,b,l
2025-04-05 20:55:31,1.09400000,673.40962,b,l
2025-04-05 20:55:31,1.09400000,673.49337,b,l
2025-04-05 20:55:31,1.09400000,673.57713,b,l
2025-04-05 20:55:31,1.09400000,285.05281,b,l
2025-04-05 20:56:34,1.09400000,673.74055,b,l
2025-04-05 20:56:34,1.09400000,672.99747,b,l
2025-04-05 20:56:34,1.09400000,673.08104,b,l
2025-04-05 20:56:34,1.09400000,673.16471,b,l
2025-04-05 20:56:34,1.09400000,673.24829,b,l
2025-04-05 20:56:34,1.09400000,673.33187,b,l
2025-04-05 20:56:34,1.09400000,673.41544,b,l
2025-04-05 20:56:34,1.09400000,286.02062,b,l
2025-04-05 20:56:42,1.09400000,76.11042,b,l
2025-04-05 20:56:42,1.09400000,577.51832,b,l
2025-04-05 20:56:42,1.09400000,577.65323,b,l
2025-04-05 20:56:42,1.09400000,577.78814,b,l
2025-04-05 20:56:42,1.09400000,577.92314,b,l
2025-04-05 20:56:42,1.09400000,578.05815,b,l
2025-04-05 20:56:42,1.09400000,578.15842,b,l
2025-04-05 20:56:42,1.09400000,578.26503,b,l
2025-04-05 20:56:42,1.09400000,578.40005,b,l
2025-04-05 20:56:42,1.09400000,299.12509,b,l
2025-04-05 20:56:44,1.09400000,166.69014,b,l
2025-04-05 20:56:44,1.09400000,578.59460,b,l
2025-04-05 20:56:44,1.09400000,578.77132,b,l
2025-04-05 20:56:44,1.09400000,578.90597,b,l
2025-04-05 20:56:44,1.09400000,579.04116,b,l
2025-04-05 20:56:44,1.09400000,579.17654,b,l
2025-04-05 20:56:44,1.09400000,579.31174,b,l
2025-04-05 20:56:44,1.09400000,579.44694,b,l
2025-04-05 20:56:44,1.09400000,579.58223,b,l
2025-04-05 20:56:44,1.09400000,199.47936,b,l
2025-04-05 20:56:48,1.09400000,579.74237,b,l
2025-04-05 20:56:49,1.09400000,579.89386,b,l
2025-04-05 20:56:49,1.09400000,580.02952,b,l
2025-04-05 20:56:49,1.09400000,580.16490,b,l
2025-04-05 20:56:49,1.09400000,580.30055,b,l
2025-04-05 20:56:49,1.09400000,580.43620,b,l
2025-04-05 20:56:49,1.09400000,560.18321,b,l
2025-04-05 20:56:49,1.09400000,75.32395,b,l
2025-04-05 20:56:49,1.09400000,580.64041,b,l
2025-04-05 20:56:49,1.09400000,302.01256,b,l
2025-04-05 20:56:53,1.09400000,1.27247,b,l
2025-04-05 20:56:53,1.09400000,74.05148,b,l
2025-04-05 20:56:53,1.09400000,580.88640,b,l
2025-04-05 20:56:53,1.09400000,581.09061,b,l
2025-04-05 20:56:53,1.09400000,581.22654,b,l
2025-04-05 20:56:53,1.09400000,581.36237,b,l
2025-04-05 20:56:53,1.09400000,581.49812,b,l
2025-04-05 20:56:53,1.09400000,581.63386,b,l
2025-04-05 20:56:53,1.09400000,581.76432,b,l
2025-04-05 20:56:53,1.09400000,581.89488,b,l
2025-04-05 20:56:53,1.09400000,272.59142,b,l
2025-04-05 20:56:58,1.09400000,581.12839,b,l
2025-04-05 20:56:58,1.09400000,581.29009,b,l
2025-04-05 20:56:58,1.09400000,581.42592,b,l
2025-04-05 20:56:58,1.09400000,581.56175,b,l
2025-04-05 20:56:58,1.09400000,581.69750,b,l
2025-04-05 20:56:58,1.09400000,581.83333,b,l
2025-04-05 20:56:58,1.09400000,581.96917,b,l
2025-04-05 20:56:58,1.09400000,582.10045,b,l
2025-04-05 20:56:58,1.09400000,346.99340,b,l
2025-04-05 20:57:03,1.09400000,581.65407,b,l
2025-04-05 20:57:03,1.09400000,581.82441,b,l
2025-04-05 20:57:03,1.09400000,581.96052,b,l
2025-04-05 20:57:03,1.09400000,582.09644,b,l
2025-04-05 20:57:03,1.09400000,582.23237,b,l
2025-04-05 20:57:03,1.09400000,582.36839,b,l
2025-04-05 20:57:03,1.09400000,582.50422,b,l
2025-04-05 20:57:03,1.09400000,75.32464,b,l
2025-04-05 20:57:03,1.09400000,582.64315,b,l
2025-04-05 20:57:03,1.09400000,266.75175,b,l
2025-04-05 20:57:07,1.09400000,0.64004,b,l
2025-04-05 20:57:07,1.09400000,74.68391,b,l
2025-04-05 20:57:07,1.09400000,582.82414,b,l
2025-04-05 20:57:07,1.09400000,583.00222,b,l
2025-04-05 20:57:07,1.09400000,583.13869,b,l
2025-04-05 20:57:07,1.09400000,583.27489,b,l
2025-04-05 20:57:07,1.09400000,583.41118,b,l
2025-04-05 20:57:07,1.09400000,583.54729,b,l
2025-04-05 20:57:07,1.09400000,583.68367,b,l
2025-04-05 20:57:07,1.09400000,583.81459,b,l
2025-04-05 20:57:07,1.09400000,257.61941,b,l
2025-04-05 20:57:12,1.09400000,75.32395,b,l
2025-04-05 20:57:12,1.09400000,75.32395,b,l
2025-04-05 20:57:12,1.09400000,582.72445,b,l
2025-04-05 20:57:12,1.09400000,582.90126,b,l
2025-04-05 20:57:12,1.09400000,583.03755,b,l
2025-04-05 20:57:12,1.09400000,583.17375,b,l
2025-04-05 20:57:12,1.09400000,583.31004,b,l
2025-04-05 20:57:12,1.09400000,583.44623,b,l
2025-04-05 20:57:12,1.09400000,583.58252,b,l
2025-04-05 20:57:12,1.09400000,583.70288,b,l
2025-04-05 20:57:12,1.09400000,182.47342,b,l
2025-04-05 20:57:17,1.09400000,75.32395,b,l
2025-04-05 20:57:17,1.09400000,75.32395,b,l
2025-04-05 20:57:17,1.09400000,583.88196,b,l
2025-04-05 20:57:17,1.09400000,584.06241,b,l
2025-04-05 20:57:17,1.09400000,584.19897,b,l
2025-04-05 20:57:17,1.09400000,584.33553,b,l
2025-04-05 20:57:17,1.09400000,584.47182,b,l
2025-04-05 20:57:17,1.09400000,584.60839,b,l
2025-04-05 20:57:17,1.09400000,584.74477,b,l
2025-04-05 20:57:17,1.09400000,584.86540,b,l
2025-04-05 20:57:17,1.09400000,172.88105,b,l
2025-04-05 20:57:21,1.09400000,1.30180,b,l
2025-04-05 20:57:21,1.09400000,74.02215,b,l
2025-04-05 20:57:21,1.09400000,75.32395,b,l
2025-04-05 20:57:21,1.09400000,585.04393,b,l
2025-04-05 20:57:21,1.09400000,585.22328,b,l
2025-04-05 20:57:21,1.09400000,585.36021,b,l
2025-04-05 20:57:21,1.09400000,585.49687,b,l
2025-04-05 20:57:21,1.09400000,585.63361,b,l
2025-04-05 20:57:21,1.09400000,585.77036,b,l
2025-04-05 20:57:21,1.09400000,585.90710,b,l
2025-04-05 20:57:21,1.09400000,586.03328,b,l
2025-04-05 20:57:21,1.09400000,42.03267,b,l
2025-04-05 20:57:22,1.09400000,121.20300,b,l
2025-04-05 20:57:26,1.09400000,0.94959,b,l
2025-04-05 20:57:26,1.09400000,74.37436,b,l
2025-04-05 20:57:26,1.09400000,586.19834,b,l
2025-04-05 20:57:26,1.09400000,586.36668,b,l
2025-04-05 20:57:26,1.09400000,586.50388,b,l
2025-04-05 20:57:26,1.09400000,586.64081,b,l
2025-04-05 20:57:26,1.09400000,586.77783,b,l
2025-04-05 20:57:26,1.09400000,586.91485,b,l
2025-04-05 20:57:26,1.09400000,587.05195,b,l
2025-04-05 20:57:26,1.09400000,91.36672,b,l
2025-04-05 20:57:26,1.09400000,587.18105,b,l
2025-04-05 20:57:26,1.09400000,139.01925,b,l
2025-04-05 20:57:31,1.09400000,0.60428,b,l
2025-04-05 20:57:31,1.09400000,74.71967,b,l
2025-04-05 20:57:31,1.09400000,75.32395,b,l
2025-04-05 20:57:31,1.09400000,587.36969,b,l
2025-04-05 20:57:31,1.09400000,587.54467,b,l
2025-04-05 20:57:31,1.09400000,587.68197,b,l
2025-04-05 20:57:31,1.09400000,587.81917,b,l
2025-04-05 20:57:31,1.09400000,587.95646,b,l
2025-04-05 20:57:31,1.09400000,588.09366,b,l
2025-04-05 20:57:31,1.09400000,588.23104,b,l
2025-04-05 20:57:31,1.09400000,588.35240,b,l
2025-04-05 20:57:31,1.09400000,144.65240,b,l
2025-04-05 20:57:36,1.09400000,1.25492,b,l
2025-04-05 20:57:36,1.09400000,74.06903,b,l
2025-04-05 20:57:36,1.09400000,588.52237,b,l
2025-04-05 20:57:36,1.09400000,588.68789,b,l
2025-04-05 20:57:36,1.09400000,588.82554,b,l
2025-04-05 20:57:36,1.09400000,588.96302,b,l
2025-04-05 20:57:36,1.09400000,589.10067,b,l
2025-04-05 20:57:36,1.09400000,589.23824,b,l
2025-04-05 20:57:36,1.09400000,589.37589,b,l
2025-04-05 20:57:36,1.09400000,589.49743,b,l
2025-04-05 20:57:36,1.09400000,210.82316,b,l
2025-04-05 20:57:41,1.09400000,0.89676,b,l
2025-04-05 20:57:41,1.09400000,74.42788,b,l
2025-04-05 20:57:41,1.09400000,589.66513,b,l
2025-04-05 20:57:41,1.09400000,589.83757,b,l
2025-04-05 20:57:41,1.09400000,589.97013,b,l
2025-04-05 20:57:41,1.09400000,590.10259,b,l
2025-04-05 20:57:41,1.09400000,590.23497,b,l
2025-04-05 20:57:41,1.09400000,590.36743,b,l
2025-04-05 20:57:41,1.09400000,590.49999,b,l
2025-04-05 20:57:41,1.09400000,590.62190,b,l
2025-04-05 20:57:41,1.09400000,203.27241,b,l
2025-04-05 20:57:45,1.09400000,85.09059,b,l
2025-04-05 20:57:45,1.09400000,75.32464,b,l
2025-04-05 20:57:45,1.09400000,589.25772,b,l
2025-04-05 20:57:45,1.09400000,589.43507,b,l
2025-04-05 20:57:45,1.09400000,589.56754,b,l
2025-04-05 20:57:45,1.09400000,589.69991,b,l
2025-04-05 20:57:45,1.09400000,589.83229,b,l
2025-04-05 20:57:45,1.09400000,589.96466,b,l
2025-04-05 20:57:45,1.09400000,590.09713,b,l
2025-04-05 20:57:45,1.09400000,590.22404,b,l
2025-04-05 20:57:45,1.09400000,121.50641,b,l
2025-04-05 20:57:50,1.09400000,589.72377,b,l
2025-04-05 20:57:50,1.09400000,589.87025,b,l
2025-04-05 20:57:50,1.09400000,590.00263,b,l
2025-04-05 20:57:50,1.09400000,590.13518,b,l
2025-04-05 20:57:50,1.09400000,590.26756,b,l
2025-04-05 20:57:50,1.09400000,590.40012,b,l
2025-04-05 20:57:50,1.09400000,590.53267,b,l
2025-04-05 20:57:50,1.09400000,75.32532,b,l
2025-04-05 20:57:50,1.09400000,75.32532,b,l
2025-04-05 20:57:50,1.09400000,590.66787,b,l
2025-04-05 20:57:50,1.09400000,127.10031,b,l
2025-04-06 02:17:53,1.09400000,0.64900,b,l
2025-04-06 02:17:53,1.09400000,0.36100,b,l
2025-04-06 08:20:31,1.09400000,20.05950,b,l
2025-04-06 08:20:32,1.09400000,50.04634,b,l
2025-04-06 08:24:00,1.09400000,102.33446,b,l
2025-04-06 08:58:15,1.09400000,1816.56417,b,l
2025-04-06 08:58:20,1.09400000,102.33729,b,l
2025-04-06 08:58:24,1.09400000,79.71809,b,l
2025-04-06 08:58:43,1.09400000,83.11407,b,l
2025-04-06 08:58:43,1.09400000,83.11407,b,l
2025-04-06 08:58:43,1.09400000,83.11407,b,l
2025-04-06 08:58:44,1.09400000,83.11407,b,l
2025-04-06 08:58:44,1.09400000,83.11407,b,l
2025-04-06 08:58:45,1.09400000,83.11407,b,l
2025-04-06 08:58:45,1.09400000,83.11407,b,l
2025-04-06 08:58:56,1.09400000,10.24433,b,l
2025-04-06 08:59:12,1.09400000,35.03884,b,l
2025-04-06 08:59:50,1.09400000,83.11407,b,l
2025-04-06 08:59:51,1.09400000,83.11407,b,l
2025-04-06 08:59:51,1.09400000,83.11407,b,l
2025-04-06 08:59:52,1.09400000,83.11407,b,l
2025-04-06 08:59:52,1.09400000,83.11407,b,l
2025-04-06 08:59:52,1.09400000,83.11407,b,l
2025-04-06 08:59:53,1.09400000,83.11407,b,l
2025-04-06 08:59:53,1.09400000,83.11407,b,l
2025-04-06 08:59:54,1.09400000,83.11407,b,l
2025-04-06 08:59:54,1.09400000,83.11407,b,l
2025-04-06 08:59:55,1.09400000,83.11407,b,l
2025-04-06 08:59:55,1.09400000,83.11407,b,l
2025-04-06 08:59:55,1.09400000,83.11407,b,l
2025-04-06 08:59:56,1.09400000,83.11407,b,l
2025-04-06 08:59:56,1.09400000,83.11407,b,l
2025-04-06 08:59:57,1.09400000,83.11407,b,l
2025-04-06 08:59:57,1.09400000,83.11407,b,l
2025-04-06 08:59:58,1.09400000,83.11407,b,l
2025-04-06 08:59:58,1.09400000,83.11407,b,l
2025-04-06 08:59:59,1.09400000,83.11407,b,l
2025-04-06 08:59:59,1.09400000,83.11407,b,l
2025-04-06 08:59:59,1.09400000,83.11407,b,l
2025-04-06 09:00:00,1.09400000,83.11407,b,l
2025-04-06 09:00:00,1.09400000,83.11407,b,l
2025-04-06 09:00:01,1.09400000,83.11407,b,l
2025-04-06 09:00:01,1.09400000,83.11407,b,l
2025-04-06 09:00:02,1.09400000,39.53167,b,l
2025-04-06 09:00:02,1.09400000,43.58240,b,l
2025-04-06 09:00:02,1.09400000,27.41760,b,l
2025-04-06 09:00:02,1.09400000,55.69647,b,l
2025-04-06 09:00:02,1.09400000,46.30353,b,l
2025-04-06 09:00:02,1.09400000,36.81054,b,l
2025-04-06 09:01:18,1.09400000,83.11489,b,l
2025-04-06 09:01:21,1.09400000,1047.71023,b,l
2025-04-06 09:01:24,1.09400000,455.71791,b,l
2025-04-06 09:01:26,1.09400000,83.68135,b,l
2025-04-06 09:01:27,1.09400000,83.11407,b,l
2025-04-06 09:01:27,1.09400000,26.85101,b,l
2025-04-06 09:01:27,1.09400000,56.26306,b,l
2025-04-06 09:01:28,1.09400000,45.73694,b,l
2025-04-06 09:01:28,1.09400000,37.37713,b,l
2025-04-06 09:01:28,1.09400000,42.62287,b,l
2025-04-06 09:01:28,1.09400000,40.49120,b,l
2025-04-06 09:01:28,1.09400000,83.11407,b,l
2025-04-06 09:01:29,1.09400000,83.11407,b,l
2025-04-06 09:01:29,1.09400000,83.11407,b,l
2025-04-06 09:01:30,1.09400000,83.11407,b,l
2025-04-06 09:01:30,1.09400000,83.11407,b,l
2025-04-06 09:01:31,1.09400000,83.11407,b,l
2025-04-06 09:01:31,1.09400000,42.82438,b,l
2025-04-06 09:01:31,1.09400000,10.00000,b,l
2025-04-06 09:01:31,1.09400000,30.28969,b,l
2025-04-06 09:01:31,1.09400000,4.71031,b,l
2025-04-06 09:01:31,1.09400000,78.40376,b,l
2025-04-06 09:01:32,1.09400000,83.11407,b,l
2025-04-06 09:01:32,1.09400000,83.11407,b,l
2025-04-06 09:01:33,1.09400000,83.11407,b,l
2025-04-06 09:01:33,1.09400000,83.11407,b,l
2025-04-06 09:01:33,1.09400000,5.13996,b,l
2025-04-06 09:01:33,1.09400000,86.24404,b,l
2025-04-06 09:01:34,1.09400000,83.11407,b,l
2025-04-06 09:01:34,1.09400000,83.11407,b,l
2025-04-06 09:01:34,1.09400000,83.11407,b,l
2025-04-06 09:01:35,1.09400000,83.11407,b,l
2025-04-06 09:01:35,1.09400000,83.11407,b,l
2025-04-06 09:01:36,1.09400000,83.11407,b,l
2025-04-06 09:01:36,1.09400000,83.11407,b,l
2025-04-06 09:01:37,1.09400000,83.11407,b,l
2025-04-06 09:01:37,1.09400000,83.11407,b,l
2025-04-06 09:01:37,1.09400000,79.72933,b,l
2025-04-06 09:01:37,1.09400000,3.38474,b,l
2025-04-06 09:01:38,1.09400000,83.11407,b,l
2025-04-06 09:01:38,1.09400000,83.11407,b,l
2025-04-06 09:01:39,1.09400000,83.11407,b,l
2025-04-06 09:01:39,1.09400000,83.11407,b,l
2025-04-06 09:01:40,1.09400000,83.11407,b,l
2025-04-06 09:01:40,1.09400000,83.11407,b,l
2025-04-06 09:01:41,1.09400000,83.11407,b,l
2025-04-06 09:01:41,1.09400000,83.11407,b,l
2025-04-06 09:02:40,1.09400000,49.90182,b,l
2025-04-06 09:03:12,1.09400000,195.80088,b,l
2025-04-06 09:03:12,1.09400000,166.00000,b,l
2025-04-06 09:03:12,1.09400000,24.67754,b,l
2025-04-06 09:03:12,1.09400000,153.98711,b,l
2025-04-06 09:03:16,1.09400000,35.87577,b,l
2025-04-06 09:03:45,1.09400000,916.45958,b,l
2025-04-06 09:03:45,1.09400000,706.00000,b,l
2025-04-06 09:03:45,1.09400000,194.10459,b,l
2025-04-06 09:03:45,1.09400000,194.10459,b,l
2025-04-06 09:03:45,1.09400000,719.89541,b,l
2025-04-06 09:03:45,1.09400000,650.22824,b,l
2025-04-06 17:20:39,1.09400000,102.43994,b,l
2025-04-06 17:20:39,1.09400000,102.48190,b,l
2025-04-06 17:20:39,1.09400000,28.42330,b,l
2025-04-06 17:20:39,1.09400000,63.23217,b,l
2025-04-06 17:20:40,1.09400000,17.34652,b,l
2025-04-06 17:20:40,1.09400000,63.27696,b,l
2025-04-06 17:20:41,1.09400000,61.57097,b,l
2025-04-06 17:20:41,1.09400000,40.88771,b,l
2025-04-06 17:20:42,1.09400000,7.39780,b,l
2025-04-06 17:20:42,1.09400000,62.88025,b,l
2025-04-06 17:20:44,1.09400000,102.45959,b,l
2025-04-06 17:20:44,1.09400000,96.35813,b,l
2025-04-06 17:20:44,1.09400000,96.35813,b,l
2025-04-06 17:20:44,1.09400000,62.04981,b,l
2025-04-06 17:20:44,1.09400000,279.60858,b,l
2025-04-06 17:20:44,1.09400000,50.00000,b,l
2025-04-06 17:20:44,1.09400000,576.00000,b,l
2025-04-06 17:20:44,1.09400000,910.95559,b,l
2025-04-06 17:20:44,1.09400000,1816.56417,b,l
2025-04-06 17:20:44,1.09400000,459.48024,b,l
2025-04-06 17:20:45,1.09400000,96.35813,b,l
2025-04-06 17:20:46,1.09400000,257.30402,b,l
2025-04-06 17:20:46,1.09400000,96.35813,b,l
2025-04-06 17:20:46,1.09400000,62.35164,b,l
2025-04-06 17:20:47,1.09400000,37.62808,b,l
2025-04-06 17:20:49,1.09400000,1816.56417,b,l
2025-04-06 17:20:49,1.09400000,1816.56417,b,l
2025-04-06 17:20:51,1.09400000,1366.87166,b,l
2025-04-06 17:20:54,1.09400000,1816.56417,b,l
2025-04-06 17:20:54,1.09400000,1816.56417,b,l
2025-04-06 17:20:54,1.09400000,1366.87166,b,l
2025-04-06 17:20:59,1.09400000,1816.56417,b,l
2025-04-06 17:20:59,1.09400000,1366.87166,b,l
2025-04-06 17:20:59,1.09400000,449.69251,b,l
2025-04-06 17:20:59,1.09400000,917.17915,b,l
2025-04-06 17:21:00,1.09400000,449.69251,b,l
2025-04-06 17:21:04,1.09400000,1816.56417,b,l
2025-04-06 17:21:04,1.09400000,1816.56417,b,l
2025-04-06 17:21:06,1.09400000,1366.87166,b,l
2025-04-06 17:21:09,1.09400000,1816.56417,b,l
2025-04-06 17:21:09,1.09400000,817.09990,b,l
2025-04-06 17:21:09,1.09400000,549.77176,b,l
2025-04-06 17:21:09,1.09400000,449.69251,b,l
2025-04-06 17:22:05,1.09400000,817.09990,b,l
2025-04-06 17:29:51,1.09300000,220.24300,s,l
2025-04-06 20:31:38,1.09400000,132.56660,b,l
2025-04-06 20:32:26,1.09400000,78.13200,b,l
2025-04-06 20:32:56,1.09300000,3157.31293,s,l
2025-04-06 20:32:56,1.09300000,102.52826,s,l
2025-04-06 20:33:52,1.09400000,72.11270,b,l
2025-04-06 21:05:04,1.09300000,1816.56417,s,l
2025-04-06 21:05:04,1.09300000,1366.87166,s,l
2025-04-06 21:05:04,1.09300000,449.69251,s,l
2025-04-06 21:05:06,1.09300000,279.76614,s,l
2025-04-06 21:05:06,1.09300000,807.33938,s,l
2025-04-06 21:05:07,1.09300000,279.76614,s,l
2025-04-06 21:05:07,1.09300000,199.77028,s,l
2025-04-06 21:05:07,1.09300000,1616.79389,s,l
2025-04-06 21:05:07,1.09300000,199.77028,s,l
2025-04-06 21:05:07,1.09300000,79.10138,s,l
2025-04-06 21:05:07,1.09300000,389.53413,s,l
2025-04-06 21:05:07,1.09300000,199.77028,s,l
2025-04-06 21:05:07,1.09300000,79.10138,s,l
2025-04-06 21:05:07,1.09300000,558.85397,s,l
2025-04-06 21:05:07,1.09300000,589.30441,s,l
2025-04-06 21:05:07,1.09250000,837.72561,s,l
2025-04-06 21:05:12,1.09250000,1816.56417,s,l
2025-04-06 21:05:12,1.09250000,122.88736,s,l
2025-04-06 21:05:12,1.09250000,1816.56417,s,l
2025-04-06 21:05:13,1.09300000,1816.56417,s,l
2025-04-06 21:05:13,1.09300000,1816.56417,s,l
2025-04-06 21:05:13,1.09300000,122.82595,s,l
2025-04-06 21:05:13,1.09300000,279.18692,s,l
2025-04-06 21:05:13,1.09300000,650.46985,s,l
2025-04-06 21:05:14,1.09300000,251.40059,s,l
2025-04-06 21:05:17,1.09300000,4936.99998,s,l
2025-04-06 21:05:18,1.09290000,63.00000,b,l
2025-04-06 21:05:18,1.09250000,406.25869,s,l
2025-04-06 21:05:18,1.09250000,837.00000,s,l
2025-04-06 21:05:18,1.09250000,1868.21339,s,l
2025-04-06 21:05:19,1.09250000,1742.35523,s,l
2025-04-06 21:05:19,1.09250000,145.43136,s,l
2025-04-06 21:05:22,1.09290000,86.51139,b,l
2025-04-06 21:05:22,1.09290000,2763.88768,b,l
2025-04-06 21:05:22,1.09300000,1816.56417,b,l
2025-04-06 21:05:22,1.09300000,332.03675,s,l
2025-04-06 21:05:22,1.09250000,4998.99998,s,l
2025-04-06 21:05:27,1.09300000,1981.94499,s,l
2025-04-06 21:05:27,1.09300000,359.50790,s,l
2025-04-06 21:05:27,1.09300000,675.60212,s,l
2025-04-06 21:05:27,1.09300000,1981.94499,s,l
2025-04-06 21:05:27,1.09250000,1981.94499,s,l
2025-04-06 21:05:27,1.09250000,2073.53150,s,l
2025-04-06 21:05:27,1.09250000,943.52351,s,l
2025-04-06 21:05:31,1.09300000,122.92154,s,l
2025-04-06 21:05:31,1.09300000,4877.07846,s,l
2025-04-06 21:05:32,1.09250000,425.14754,s,l
2025-04-06 21:05:32,1.09250000,1981.94499,s,l
2025-04-06 21:05:32,1.09250000,2592.90747,s,l
2025-04-06 21:05:36,1.09300000,1981.94499,s,l
2025-04-06 21:05:36,1.09300000,1981.94498,s,l
2025-04-06 21:05:36,1.09300000,1036.11003,s,l
2025-04-06 21:05:37,1.09250000,299.51066,s,l
2025-04-06 21:05:37,1.09250000,4700.48932,s,l
2025-04-06 21:05:41,1.09300000,688.86286,s,l
2025-04-06 21:05:41,1.09300000,143.72644,s,l
2025-04-06 21:05:41,1.09300000,1982.59035,s,l
2025-04-06 21:05:41,1.09300000,312.08179,s,l
2025-04-06 21:05:41,1.09300000,64.11509,s,l
2025-04-06 21:05:41,1.09300000,1808.62347,s,l
2025-04-06 21:05:41,1.09250000,424.11982,s,l
2025-04-06 21:05:41,1.09250000,78.60425,s,l
2025-04-06 21:05:41,1.09250000,4496.27593,s,l
2025-04-06 21:05:41,1.09240000,6.00000,b,l
2025-04-06 21:05:46,1.09240000,448.14104,b,l
2025-04-06 21:05:46,1.09250000,78.60425,b,l
2025-04-06 21:05:46,1.09300000,122.93125,s,l
2025-04-06 21:05:46,1.09300000,4350.32346,s,l
2025-04-06 21:05:46,1.09250000,79.00625,s,l
2025-04-06 21:05:46,1.09250000,101.98069,s,l
2025-04-06 21:05:46,1.09250000,3090.07160,s,l
2025-04-06 21:05:46,1.09250000,1728.94146,s,l
2025-04-06 21:05:47,1.07550000,230.63794,s,l
2025-04-06 21:05:50,1.09240000,454.14104,b,l
2025-04-06 21:05:50,1.09250000,79.00625,b,l
2025-04-06 21:05:50,1.09300000,79.00625,b,l
2025-04-06 21:05:50,1.09300000,4383.37094,s,l
2025-04-06 21:05:50,1.09300000,4.47552,s,l
2025-04-06 21:05:51,1.09250000,158.05638,s,l
2025-04-06 21:05:51,1.09250000,102.06109,s,l
2025-04-06 21:05:51,1.09250000,158.05638,s,l
2025-04-06 21:05:51,1.09250000,1644.88252,s,l
2025-04-06 21:05:51,1.09250000,2936.94363,s,l
2025-04-06 21:05:55,1.09290000,454.14104,b,l
2025-04-06 21:05:55,1.09300000,1978.51683,b,l
2025-04-06 21:05:55,1.09300000,143.38289,s,l
2025-04-06 21:05:55,1.09300000,588.82530,s,l
2025-04-06 21:05:55,1.09300000,1257.45770,s,l
2025-04-06 21:05:55,1.09300000,470.53522,s,l
2025-04-06 21:05:55,1.09300000,107.14102,s,l
2025-04-06 21:05:55,1.09250000,1985.12577,s,l
2025-04-06 21:05:55,1.09250000,2447.85001,s,l
2025-04-06 21:05:55,1.09250000,567.02422,s,l
2025-04-06 21:05:59,1.09300000,1985.12575,s,l
2025-04-06 21:05:59,1.09300000,16.00809,s,l
2025-04-06 21:05:59,1.09300000,122.92673,s,l
2025-04-06 21:05:59,1.09300000,85.44972,s,l
2025-04-06 21:05:59,1.09300000,312.67954,s,l
2025-04-06 21:06:00,1.09300000,101.97048,s,l
2025-04-06 21:06:00,1.09300000,538.10041,s,l
2025-04-06 21:06:00,1.09300000,102.11818,s,l
2025-04-06 21:06:00,1.09300000,1735.62110,s,l
2025-04-06 21:06:00,1.09250000,249.50467,s,l
2025-04-06 21:06:00,1.09250000,1985.12577,s,l
2025-04-06 21:06:00,1.09250000,780.24379,s,l
2025-04-06 21:06:00,1.09250000,1204.88198,s,l
2025-04-06 21:06:00,1.09250000,780.24379,s,l
2025-04-06 21:06:05,1.09300000,4994.90010,s,l
2025-04-06 21:06:05,1.09300000,5.09990,s,l
2025-04-06 21:06:05,1.09250000,275.05028,s,l
2025-04-06 21:06:05,1.09250000,275.15826,s,l
2025-04-06 21:06:05,1.09250000,275.26630,s,l
2025-04-06 21:06:05,1.09250000,275.37437,s,l
2025-04-06 21:06:05,1.09250000,275.48250,s,l
2025-04-06 21:06:05,1.09250000,275.59067,s,l
2025-04-06 21:06:05,1.09250000,275.69887,s,l
2025-04-06 21:06:05,1.09250000,275.80713,s,l
2025-04-06 21:06:05,1.09250000,275.91541,s,l
2025-04-06 21:06:05,1.09250000,275.99576,s,l
2025-04-06 21:06:05,1.09250000,276.05132,s,l
2025-04-06 21:06:05,1.09250000,865.24460,s,l
2025-04-06 21:06:05,1.09250000,276.13471,s,l
2025-04-06 21:06:05,1.09250000,827.22980,s,l
2025-04-06 21:06:10,1.09290000,454.14104,b,l
2025-04-06 21:06:10,1.09300000,1980.02587,b,l
2025-04-06 21:06:10,1.09300000,2563.21599,s,l
2025-04-06 21:06:10,1.09300000,2.61710,s,l
2025-04-06 21:06:10,1.09250000,1986.21203,s,l
2025-04-06 21:06:10,1.09250000,1026.57594,s,l
2025-04-06 21:06:10,1.09250000,959.63609,s,l
2025-04-06 21:06:10,1.09250000,484.42013,s,l
2025-04-06 21:06:10,1.09250000,66.93985,s,l
2025-04-06 21:06:10,1.09250000,408.27611,s,l
2025-04-06 21:06:10,1.09250000,66.93985,s,l
2025-04-06 21:06:12,1.07810000,230.31922,s,l
2025-04-06 21:06:14,1.09290000,454.14104,b,l
2025-04-06 21:06:14,1.09300000,583.19012,b,l
2025-04-06 21:06:14,1.09300000,1532.07099,s,l
2025-04-06 21:06:14,1.09300000,122.91732,s,l
2025-04-06 21:06:14,1.09300000,775.60954,s,l
2025-04-06 21:06:14,1.09300000,1211.15720,s,l
2025-04-06 21:06:14,1.09300000,210.22683,s,l
2025-04-06 21:06:14,1.09300000,110.68695,s,l
2025-04-06 21:06:15,1.09250000,4994.90010,s,l
2025-04-06 21:06:15,1.09250000,5.09990,s,l
2025-04-06 21:06:19,1.09240000,454.14104,b,l
2025-04-06 21:06:19,1.09250000,1986.76674,b,l
2025-04-06 21:06:19,1.09300000,122.91344,s,l
2025-04-06 21:06:19,1.09300000,122.91344,s,l
2025-04-06 21:06:19,1.09300000,2312.26532,s,l
2025-04-06 21:06:19,1.09250000,142.99131,s,l
2025-04-06 21:06:19,1.09250000,311.33582,s,l
2025-04-06 21:06:19,1.09250000,687.21625,s,l
2025-04-06 21:06:19,1.09250000,1987.12129,s,l
2025-04-06 21:06:19,1.09250000,200.50573,s,l
2025-04-06 21:06:19,1.09250000,1670.82960,s,l
2025-04-06 21:06:24,1.09240000,454.14104,b,l
2025-04-06 21:06:24,1.09250000,199.75616,b,l
2025-04-06 21:06:24,1.09300000,4340.67088,s,l
2025-04-06 21:06:24,1.09300000,4.43192,s,l
2025-04-06 21:06:24,1.09250000,182.57207,s,l
2025-04-06 21:06:24,1.09250000,182.57207,s,l
2025-04-06 21:06:25,1.09250000,237.00797,s,l
2025-04-06 21:06:25,1.09250000,182.57207,s,l
2025-04-06 21:06:25,1.09250000,182.57207,s,l
2025-04-06 21:06:25,1.09250000,182.57207,s,l
2025-04-06 21:06:25,1.09250000,355.79472,s,l
2025-04-06 21:06:25,1.09250000,182.57207,s,l
2025-04-06 21:06:25,1.09250000,85.43483,s,l
2025-04-06 21:06:25,1.09250000,182.57207,s,l
2025-04-06 21:06:25,1.09250000,182.57207,s,l
2025-04-06 21:06:25,1.09250000,182.57207,s,l
2025-04-06 21:06:25,1.09250000,182.57207,s,l
2025-04-06 21:06:25,1.09250000,182.57207,s,l
2025-04-06 21:06:25,1.09250000,182.57207,s,l
2025-04-06 21:06:25,1.09250000,37.91470,s,l
2025-04-06 21:06:25,1.09250000,182.57207,s,l
