timestamp,price,volume,side,type
2026-02-03 04:25:33,772.77000,0.21090,s,l
2026-02-03 04:25:33,772.75000,1.29407,s,l
2026-02-03 04:25:33,772.75000,0.00582,s,l
2026-02-03 04:25:33,772.74000,1.29409,s,l
2026-02-03 04:25:33,772.73000,0.09197,s,l
2026-02-03 04:25:33,772.73000,0.11893,s,l
2026-02-03 04:25:33,772.71000,0.09197,s,l
2026-02-03 04:27:53,773.39000,0.00647,b,m
2026-02-03 04:28:10,773.18000,1.29335,s,l
2026-02-03 04:28:10,773.18000,0.21090,s,l
2026-02-03 04:28:29,773.07000,3.73187,s,l
2026-02-03 04:28:29,773.07000,1.66213,s,l
2026-02-03 04:30:00,772.96000,0.01832,b,l
2026-02-03 04:30:08,772.98000,0.00578,b,l
2026-02-03 04:30:49,773.29000,0.00188,b,l
2026-02-03 04:30:51,773.14000,0.02095,s,l
2026-02-03 04:31:29,773.35000,0.00125,b,l
2026-02-03 04:31:49,773.44000,0.21090,s,l
2026-02-03 04:31:50,773.41000,0.21090,s,l
2026-02-03 04:32:17,773.66000,0.04838,b,l
2026-02-03 04:33:24,773.07000,0.21090,s,l
2026-02-03 04:33:29,773.09000,0.21090,s,l
2026-02-03 04:34:07,772.97000,1.85789,s,l
2026-02-03 04:34:07,772.91000,1.29379,s,l
2026-02-03 04:34:14,772.91000,0.07000,b,m
2026-02-03 04:36:27,774.10000,0.03660,b,l
2026-02-03 04:36:27,774.11000,1.25510,b,l
2026-02-03 04:37:08,774.42000,0.00250,b,l
2026-02-03 04:37:31,774.03000,0.00421,b,l
2026-02-03 04:38:23,774.33000,0.00421,s,l
2026-02-03 04:41:57,776.80000,0.01379,b,l
2026-02-03 04:41:59,777.00000,0.00816,b,l
2026-02-03 04:42:07,777.08000,0.20340,b,l
2026-02-03 04:42:54,777.68000,1.28587,s,l
2026-02-03 04:43:08,777.83000,0.05700,b,m
2026-02-03 04:43:34,778.00000,0.12100,b,m
2026-02-03 04:45:12,777.97000,0.07421,b,m
2026-02-03 04:45:12,777.98000,0.01285,b,m
2026-02-03 04:45:12,777.99000,0.21090,b,m
2026-02-03 04:45:12,778.02000,0.05604,b,m
2026-02-03 04:48:52,777.16000,0.09326,s,m
2026-02-03 04:49:49,777.99000,0.00249,b,l
2026-02-03 04:53:39,777.39000,0.01191,s,l
2026-02-03 04:55:12,777.59000,0.01286,b,l
2026-02-03 04:55:12,777.60000,0.03309,b,l
2026-02-03 04:56:03,778.03000,0.00127,b,l
2026-02-03 04:57:31,777.62000,1.28654,s,l
2026-02-03 04:58:16,777.38000,6.57153,s,l
2026-02-03 04:58:21,777.38000,3.32194,s,l
2026-02-03 04:58:21,777.38000,0.10653,s,l
2026-02-03 04:58:31,776.74000,0.00274,s,l
2026-02-03 05:00:45,776.95000,0.19254,b,l
2026-02-03 05:00:51,776.52000,0.02293,s,l
2026-02-03 05:03:42,776.50000,0.06099,b,l
2026-02-03 05:07:25,777.21000,0.04487,b,l
2026-02-03 05:09:04,777.34000,0.11800,b,m
2026-02-03 05:10:22,777.30000,0.01246,b,l
2026-02-03 05:11:53,776.06000,0.21090,b,m
2026-02-03 05:11:53,776.10000,0.09199,b,m
2026-02-03 05:11:53,776.11000,0.96443,b,m
2026-02-03 05:11:53,776.13000,1.28844,b,m
2026-02-03 05:11:53,776.13000,1.28844,b,m
2026-02-03 05:11:53,776.14000,0.21090,b,m
2026-02-03 05:11:53,776.22000,1.98098,b,m
2026-02-03 05:12:16,775.00000,0.51612,s,l
2026-02-03 05:12:50,774.78000,0.16664,b,l
2026-02-03 05:13:53,774.70000,0.03348,b,l
2026-02-03 05:20:20,773.91000,1.08034,s,l
2026-02-03 05:21:45,773.76000,0.01280,s,l
2026-02-03 05:22:11,774.00000,5.15400,b,l
2026-02-03 05:22:29,774.29000,0.17500,b,m
2026-02-03 05:22:58,774.57000,0.21090,b,l
2026-02-03 05:22:58,774.64000,0.66507,b,l
2026-02-03 05:27:01,774.75000,0.19254,s,l
2026-02-03 05:27:25,774.95000,0.00548,s,l
2026-02-03 05:28:00,775.35000,0.00650,s,l
2026-02-03 05:28:45,774.72000,0.21090,s,l
2026-02-03 05:28:45,774.71000,0.19737,s,l
2026-02-03 05:30:16,774.88000,0.02976,b,l
2026-02-03 05:31:08,774.78000,0.01376,b,l
2026-02-03 05:32:05,775.00000,0.01166,b,l
2026-02-03 05:32:34,774.98000,0.21090,b,m
2026-02-03 05:32:34,774.98000,1.13484,b,m
2026-02-03 05:32:34,774.99000,0.21090,b,m
2026-02-03 05:32:34,775.00000,0.21090,b,m
2026-02-03 05:32:34,775.02000,4.26336,b,m
2026-02-03 05:33:12,774.38000,0.03802,s,l
2026-02-03 05:34:14,774.73000,0.20390,b,m
2026-02-03 05:35:33,774.65000,0.00149,s,l
2026-02-03 05:37:35,775.61000,0.80512,b,l
2026-02-03 05:41:56,774.72000,0.03130,s,l
2026-02-03 05:44:22,774.34000,0.02000,s,l
2026-02-03 05:46:58,774.71000,1.03058,b,m
2026-02-03 05:47:46,775.01000,0.04100,b,m
2026-02-03 05:47:56,774.95000,0.01510,s,l
2026-02-03 05:48:22,775.50000,0.02522,b,l
2026-02-03 05:50:23,774.98000,0.02700,b,m
2026-02-03 05:51:53,775.16000,0.02700,b,m
2026-02-03 05:52:09,774.96000,0.64454,b,l
2026-02-03 05:52:09,774.96000,0.21090,b,l
2026-02-03 05:52:09,774.97000,0.05819,b,l
2026-02-03 05:55:09,774.01000,0.01291,b,l
2026-02-03 05:55:09,774.02000,0.01782,b,l
2026-02-03 05:59:07,773.45000,0.00127,b,l
2026-02-03 05:59:17,773.22000,0.01700,s,l
2026-02-03 06:01:35,773.22000,0.01500,s,l
2026-02-03 06:04:49,773.85000,0.08500,b,m
2026-02-03 06:07:14,772.31000,0.17660,s,l
2026-02-03 06:07:14,772.27000,0.06469,s,l
2026-02-03 06:07:14,772.23000,0.23381,s,l
2026-02-03 06:07:15,772.23000,0.31090,s,l
2026-02-03 06:09:04,770.99000,0.08500,b,m
2026-02-03 06:10:28,771.08000,1.02811,s,m
2026-02-03 06:13:07,772.13000,0.06300,b,m
2026-02-03 06:14:07,772.07000,0.03599,b,l
2026-02-03 06:15:06,771.83000,0.21090,s,l
2026-02-03 06:15:06,771.76000,0.21090,s,l
2026-02-03 06:15:06,771.76000,1.29573,s,l
2026-02-03 06:15:06,771.68000,1.43729,s,l
2026-02-03 06:15:06,771.68000,0.21090,s,l
2026-02-03 06:15:06,771.67000,3.23366,s,l
2026-02-03 06:18:02,772.36000,0.21090,b,m
2026-02-03 06:18:02,772.39000,0.16810,b,m
2026-02-03 06:18:24,772.34000,0.01616,s,m
2026-02-03 06:20:18,774.47000,0.07773,b,l
2026-02-03 06:21:14,774.66000,0.10585,s,l
2026-02-03 06:23:24,775.21000,0.11800,b,m
2026-02-03 06:23:58,775.02000,0.00362,s,l
2026-02-03 06:26:12,775.81000,0.00157,b,l
2026-02-03 06:26:53,775.80000,0.27730,b,l
2026-02-03 06:27:45,775.12000,0.09450,s,l
2026-02-03 06:27:45,775.11000,1.28947,s,l
2026-02-03 06:27:45,775.00000,0.37107,s,l
2026-02-03 06:32:24,775.89000,0.01622,b,l
2026-02-03 06:38:44,776.18000,0.04661,s,l
2026-02-03 06:41:14,776.38000,0.01248,b,l
2026-02-03 06:41:25,776.38000,0.06329,b,l
2026-02-03 06:42:08,777.09000,0.17660,b,l
2026-02-03 06:44:53,776.45000,0.35300,b,m
2026-02-03 06:45:09,776.66000,0.01287,b,m
2026-02-03 06:45:09,776.67000,0.01313,b,m
2026-02-03 06:45:29,776.61000,0.00630,b,l
2026-02-03 06:46:26,776.94000,0.00146,b,l
2026-02-03 06:54:14,776.93000,0.03411,s,l
2026-02-03 07:03:42,776.94000,0.03457,b,l
2026-02-03 07:08:13,778.08000,0.00712,b,l
2026-02-03 07:09:50,778.49000,0.00415,s,l
2026-02-03 07:10:19,778.50000,0.01440,b,l
2026-02-03 07:13:18,780.04000,0.14330,b,l
2026-02-03 07:13:22,780.49000,0.02600,b,m
2026-02-03 07:13:27,779.96000,1.25164,s,l
2026-02-03 07:13:27,779.93000,5.26565,s,l
2026-02-03 07:13:27,779.93000,6.69065,s,l
2026-02-03 07:13:27,779.93000,6.46302,s,l
2026-02-03 07:13:28,779.93000,6.87617,s,l
2026-02-03 07:13:28,779.93000,6.83390,s,l
2026-02-03 07:13:29,779.93000,6.88511,s,l
2026-02-03 07:13:29,779.93000,1.18117,s,l
2026-02-03 07:13:29,779.93000,6.73770,s,l
2026-02-03 07:13:29,779.93000,16.98985,s,l
2026-02-03 07:13:30,779.93000,7.96963,s,l
2026-02-03 07:13:30,779.93000,10.50141,s,l
2026-02-03 07:13:30,779.93000,0.36241,s,l
2026-02-03 07:13:30,779.93000,14.77019,s,l
2026-02-03 07:13:30,779.93000,1.58280,s,l
2026-02-03 07:13:30,779.93000,0.26439,s,l
2026-02-03 07:13:30,779.93000,1.92393,s,l
2026-02-03 07:13:30,779.93000,7.01088,s,l
2026-02-03 07:13:31,779.93000,0.28320,s,l
2026-02-03 07:13:31,779.93000,0.29790,s,l
2026-02-03 07:13:31,779.93000,2.51080,s,l
2026-02-03 07:13:31,779.93000,17.00692,s,l
2026-02-03 07:13:31,779.93000,6.46977,s,l
2026-02-03 07:13:32,779.93000,6.72185,s,l
2026-02-03 07:13:33,779.93000,7.19068,s,l
2026-02-03 07:13:33,779.93000,8.41522,s,l
2026-02-03 07:13:33,779.93000,0.36241,s,l
2026-02-03 07:13:33,779.93000,0.02644,s,l
2026-02-03 07:13:33,779.93000,1.18117,s,l
2026-02-03 07:13:33,779.93000,10.23511,s,l
2026-02-03 07:13:34,779.93000,6.45013,s,l
2026-02-03 07:13:34,779.93000,1.92452,s,l
2026-02-03 07:13:35,779.93000,7.51981,s,l
2026-02-03 07:13:36,779.93000,6.70791,s,l
2026-02-03 07:13:36,779.93000,6.51148,s,l
2026-02-03 07:13:37,779.93000,6.93630,s,l
2026-02-03 07:13:37,779.93000,6.81035,s,l
2026-02-03 07:13:37,779.93000,0.24809,s,l
2026-02-03 07:13:40,779.10000,0.20390,s,m
2026-02-03 07:15:25,779.71000,0.00640,b,l
2026-02-03 07:15:25,779.71000,0.04874,b,l
2026-02-03 07:19:29,778.34000,0.50000,b,l
2026-02-03 07:19:29,778.34000,1.28479,b,l
2026-02-03 07:19:29,778.38000,0.00415,b,l
2026-02-03 07:19:29,778.41000,1.28455,b,l
2026-02-03 07:19:29,778.41000,0.00012,b,l
2026-02-03 07:19:29,778.59000,6.42180,b,l
2026-02-03 07:19:29,778.72000,0.33690,b,l
2026-02-03 07:24:33,778.49000,0.21090,b,m
2026-02-03 07:24:33,778.50000,0.01013,b,m
2026-02-03 07:29:53,779.14000,0.00155,b,l
2026-02-03 07:30:00,779.22000,0.00175,b,l
2026-02-03 07:30:16,779.29000,0.03240,b,l
2026-02-03 07:30:17,779.29000,0.09562,b,l
2026-02-03 07:30:24,779.34000,0.02600,b,m
2026-02-03 07:31:14,780.03000,0.04300,b,m
2026-02-03 07:31:58,780.66000,0.12990,b,l
2026-02-03 07:33:00,781.65000,0.04213,b,l
2026-02-03 07:33:36,781.16000,0.00647,s,l
2026-02-03 07:38:49,781.50000,0.01370,s,l
2026-02-03 07:41:24,781.51000,0.34597,b,m
2026-02-03 07:43:20,781.62000,0.12904,s,m
2026-02-03 07:46:09,781.93000,0.06916,b,m
2026-02-03 07:46:34,781.86000,0.02508,b,l
2026-02-03 07:47:12,782.18000,0.19084,b,l
2026-02-03 07:49:48,782.29000,0.01908,b,l
2026-02-03 07:54:52,781.71000,0.05400,b,m
2026-02-03 07:57:40,781.75000,0.00182,b,l
2026-02-03 08:00:00,781.39000,0.00634,b,l
2026-02-03 08:00:09,781.45000,0.01506,b,l
2026-02-03 08:01:23,781.42000,0.01864,b,l
2026-02-03 08:02:07,781.13000,1.00000,b,l
2026-02-03 08:04:15,780.41000,0.21090,s,m
2026-02-03 08:04:15,780.39000,1.28141,s,m
2026-02-03 08:04:15,780.34000,0.17660,s,m
2026-02-03 08:04:15,780.34000,0.08702,s,m
2026-02-03 08:04:15,780.32000,1.28152,s,m
2026-02-03 08:04:15,780.31000,1.08507,s,m
2026-02-03 08:04:15,780.22000,0.21090,s,m
2026-02-03 08:04:15,780.21000,0.90601,s,m
2026-02-03 08:04:15,780.19000,0.34000,s,m
2026-02-03 08:04:15,780.14000,0.21090,s,m
2026-02-03 08:04:15,780.09000,3.28750,s,m
2026-02-03 08:04:18,780.54000,0.21090,b,m
2026-02-03 08:04:18,780.57000,0.72710,b,m
2026-02-03 08:06:39,780.56000,0.01513,s,l
2026-02-03 08:08:16,780.78000,0.00434,b,l
2026-02-03 08:09:33,780.62000,0.00220,b,l
2026-02-03 08:10:05,779.98000,0.01432,b,l
2026-02-03 08:10:57,779.64000,0.21090,s,l
2026-02-03 08:10:57,779.63000,1.28265,s,l
2026-02-03 08:10:57,779.63000,1.28265,s,l
2026-02-03 08:10:57,779.54000,0.21090,s,l
2026-02-03 08:10:57,779.50000,6.53393,b,l
2026-02-03 08:10:58,779.50000,6.46086,b,l
2026-02-03 08:10:58,779.50000,6.86042,b,l
2026-02-03 08:10:59,779.50000,6.57579,b,l
2026-02-03 08:11:00,779.50000,6.54080,b,l
2026-02-03 08:11:00,779.50000,6.42722,b,l
2026-02-03 08:11:01,779.50000,6.58347,b,l
2026-02-03 08:11:01,779.50000,6.96318,b,l
2026-02-03 08:11:02,779.50000,6.58354,b,l
2026-02-03 08:11:05,779.50000,6.47380,b,l
2026-02-03 08:11:06,779.50000,6.41740,b,l
2026-02-03 08:11:06,779.50000,6.82076,b,l
2026-02-03 08:11:07,779.50000,6.68595,b,l
2026-02-03 08:11:08,779.50000,7.03815,b,l
2026-02-03 08:11:08,779.50000,6.92295,b,l
2026-02-03 08:11:08,779.50000,1.59132,b,l
2026-02-03 08:11:08,779.50000,1.59132,b,l
2026-02-03 08:11:08,779.50000,6.43563,b,l
2026-02-03 08:11:08,779.50000,1.59132,b,l
2026-02-03 08:11:09,779.50000,1.59132,b,l
2026-02-03 08:11:09,779.50000,6.43399,b,l
2026-02-03 08:11:09,779.50000,8.42745,b,l
2026-02-03 08:11:09,779.50000,1.59132,b,l
2026-02-03 08:11:09,779.50000,7.37026,b,l
2026-02-03 08:11:10,779.50000,1.59132,b,l
2026-02-03 08:11:10,779.50000,10.56328,b,l
2026-02-03 08:11:10,779.50000,9.96367,b,l
2026-02-03 08:11:10,779.50000,2.38252,b,l
2026-02-03 08:11:40,779.10000,0.10507,s,l
2026-02-03 08:11:40,779.04000,1.28363,s,l
2026-02-03 08:11:40,779.04000,1.64995,s,l
2026-02-03 08:11:40,779.03000,0.36025,s,l
2026-02-03 08:11:44,779.00000,7.04904,b,l
2026-02-03 08:11:44,778.99000,1.25164,s,l
2026-02-03 08:11:46,779.00000,6.46708,b,l
2026-02-03 08:11:46,779.00000,6.45481,b,l
2026-02-03 08:11:47,779.00000,6.43711,b,l
2026-02-03 08:11:48,779.00000,6.56381,b,l
2026-02-03 08:11:48,779.00000,6.74888,b,l
2026-02-03 08:11:49,779.00000,6.62528,b,l
2026-02-03 08:12:41,778.91000,0.18107,s,l
2026-02-03 08:12:42,779.00000,0.00992,b,l
2026-02-03 08:12:56,778.87000,0.00249,b,l
2026-02-03 08:13:14,779.00000,0.39632,b,m
2026-02-03 08:13:42,778.73000,0.01171,s,l
2026-02-03 08:14:40,777.57000,0.21090,b,m
2026-02-03 08:14:40,777.60000,0.17440,b,m
2026-02-03 08:14:40,777.61000,0.63174,b,m
2026-02-03 08:14:49,777.42000,0.00899,s,l
2026-02-03 08:16:39,777.23000,1.28662,s,l
2026-02-03 08:16:39,777.14000,1.28676,s,l
2026-02-03 08:16:39,777.12000,0.21090,s,l
2026-02-03 08:16:39,777.10000,0.31084,s,l
2026-02-03 08:16:39,777.04000,0.17660,s,l
2026-02-03 08:16:39,777.04000,0.21090,s,l
2026-02-03 08:16:39,777.03000,6.43468,s,l
2026-02-03 08:16:39,777.03000,1.77176,s,l
2026-02-03 08:16:39,777.00000,7.97721,b,l
2026-02-03 08:16:40,777.00000,6.58985,b,l
2026-02-03 08:16:40,777.00000,6.75204,b,l
2026-02-03 08:16:41,777.00000,6.43867,b,l
2026-02-03 08:16:43,777.00000,6.65066,b,l
2026-02-03 08:16:43,777.00000,6.85202,b,l
2026-02-03 08:16:44,777.00000,6.53520,b,l
2026-02-03 08:16:44,777.00000,6.62610,b,l
2026-02-03 08:16:45,777.00000,6.61842,b,l
2026-02-03 08:16:45,777.00000,6.50771,b,l
2026-02-03 08:16:46,777.00000,6.85051,b,l
2026-02-03 08:16:46,777.00000,6.47320,b,l
2026-02-03 08:16:47,777.00000,7.01614,b,l
2026-02-03 08:16:51,777.00000,6.53573,b,l
2026-02-03 08:16:56,777.00000,6.86159,b,l
2026-02-03 08:16:56,777.00000,6.64239,b,l
2026-02-03 08:16:56,777.00000,16.95571,b,l
2026-02-03 08:16:57,777.00000,6.67359,b,l
2026-02-03 08:16:57,777.00000,7.47314,b,l
2026-02-03 08:16:58,777.00000,6.62451,b,l
2026-02-03 08:16:58,777.00000,6.54859,b,l
2026-02-03 08:16:59,777.00000,6.84146,b,l
2026-02-03 08:17:01,777.00000,6.76139,b,l
2026-02-03 08:17:01,777.00000,6.47607,b,l
2026-02-03 08:17:01,777.00000,8.42745,b,l
2026-02-03 08:17:02,777.00000,6.72903,b,l
2026-02-03 08:17:02,777.00000,6.45270,b,l
2026-02-03 08:17:03,777.00000,6.76658,b,l
2026-02-03 08:17:11,777.00000,2.50222,b,l
2026-02-03 08:18:53,778.57000,0.28930,s,l
2026-02-03 08:18:54,778.58000,0.22734,b,m
2026-02-03 08:18:55,778.57000,2.55210,s,l
2026-02-03 08:19:35,778.54000,0.00642,b,m
2026-02-03 08:22:09,778.71000,2.83970,b,l
2026-02-03 08:25:29,781.43000,0.01280,b,m
2026-02-03 08:25:49,780.65000,0.21090,s,l
2026-02-03 08:25:58,780.82000,0.21090,b,m
2026-02-03 08:25:58,780.89000,0.37810,b,m
2026-02-03 08:26:10,780.83000,6.39819,b,l
2026-02-03 08:26:10,781.03000,1.28037,b,l
2026-02-03 08:26:10,781.09000,1.28026,b,l
2026-02-03 08:26:10,781.08000,6.39819,b,l
2026-02-03 08:26:10,781.22000,0.17660,b,l
2026-02-03 08:26:10,781.21000,0.17660,b,l
2026-02-03 08:27:02,781.66000,0.00284,b,l
2026-02-03 08:27:26,781.40000,0.00142,b,l
2026-02-03 08:27:48,781.41000,0.00132,b,l
2026-02-03 08:28:11,781.50000,0.38399,b,l
2026-02-03 08:28:11,781.50000,0.21090,b,l
2026-02-03 08:28:11,781.50000,0.41250,b,l
2026-02-03 08:31:11,780.61000,0.04400,b,m
2026-02-03 08:32:15,778.83000,5.11700,b,l
2026-02-03 08:32:55,779.21000,0.09768,s,l
2026-02-03 08:34:02,778.97000,0.06647,s,l
2026-02-03 08:34:02,778.92000,0.12420,s,l
2026-02-03 08:38:09,779.91000,0.01709,s,l
2026-02-03 08:38:52,780.26000,0.08730,b,l
2026-02-03 08:42:09,780.45000,0.20257,b,m
2026-02-03 08:43:31,780.41000,5.11100,b,l
2026-02-03 08:43:31,780.45000,1.50197,b,l
2026-02-03 08:44:49,781.08000,0.00986,b,m
2026-02-03 08:47:32,781.00000,0.01165,b,l
2026-02-03 08:53:15,779.60000,0.12875,s,l
2026-02-03 08:57:58,778.36000,0.08454,b,l
2026-02-03 08:59:02,778.69000,0.07947,b,m
2026-02-03 09:00:32,779.06000,0.99004,b,l
2026-02-03 09:00:47,779.45000,0.01565,b,l
2026-02-03 09:00:52,779.23000,0.00604,b,l
2026-02-03 09:06:04,779.69000,0.06457,b,m
2026-02-03 09:07:15,779.42000,0.75174,b,l
2026-02-03 09:11:14,777.25000,1.27810,s,l
2026-02-03 09:11:14,777.18000,0.13187,s,l
2026-02-03 09:11:14,777.08000,0.16450,s,l
2026-02-03 09:11:15,776.53000,2.37851,s,l
2026-02-03 09:11:15,776.53000,0.40445,s,l
2026-02-03 09:11:15,776.53000,0.40445,s,l
2026-02-03 09:11:15,776.53000,0.88710,s,l
2026-02-03 09:11:15,776.53000,0.65000,s,l
2026-02-03 09:11:15,776.53000,1.71432,s,l
2026-02-03 09:11:15,776.25000,0.85600,s,l
2026-02-03 09:11:15,776.19000,0.66905,s,l
2026-02-03 09:11:15,776.03000,5.75695,s,l
2026-02-03 09:11:15,776.03000,0.38489,s,l
2026-02-03 09:11:15,776.03000,0.12000,s,l
2026-02-03 09:11:15,776.03000,0.02000,s,l
2026-02-03 09:11:15,776.03000,0.07868,s,l
2026-02-03 09:11:15,776.03000,0.07439,s,l
2026-02-03 09:11:15,776.03000,0.03481,s,l
2026-02-03 09:11:15,776.01000,0.18250,s,l
2026-02-03 09:11:15,776.01000,0.21731,s,l
2026-02-03 09:11:15,776.01000,0.57657,s,l
2026-02-03 09:11:15,776.06000,0.07439,s,l
2026-02-03 09:11:15,776.06000,0.64389,s,l
2026-02-03 09:11:15,776.06000,0.62429,s,l
2026-02-03 09:11:15,776.01000,0.01960,s,l
2026-02-03 09:11:15,776.01000,0.38500,s,l
2026-02-03 09:11:16,775.82000,0.06444,s,l
2026-02-03 09:11:16,775.76000,0.21090,s,l
2026-02-03 09:11:16,775.72000,0.01915,s,l
2026-02-03 09:11:16,775.64000,1.42650,s,l
2026-02-03 09:11:16,775.62000,1.25582,s,l
2026-02-03 09:11:18,775.49000,0.00171,b,l
2026-02-03 09:11:45,775.75000,0.32890,s,l
2026-02-03 09:11:45,775.75000,0.05920,s,l
2026-02-03 09:11:45,775.75000,0.90097,s,l
2026-02-03 09:11:45,775.75000,0.34903,s,l
2026-02-03 09:11:45,775.75000,0.08160,s,l
2026-02-03 09:11:45,775.75000,0.21510,s,l
2026-02-03 09:11:45,775.75000,0.64334,s,l
2026-02-03 09:11:45,775.51000,0.21090,s,l
2026-02-03 09:11:45,774.92000,0.09000,s,l
2026-02-03 09:11:45,774.92000,0.04000,s,l
2026-02-03 09:11:45,774.92000,0.04000,s,l
2026-02-03 09:11:45,774.92000,0.07000,s,l
2026-02-03 09:11:46,775.21000,1.43074,s,l
2026-02-03 09:12:03,775.27000,0.04201,b,m
2026-02-03 09:12:12,775.56000,0.17659,b,m
2026-02-03 09:12:12,775.56000,0.21090,b,m
2026-02-03 09:12:12,775.57000,0.90151,b,m
2026-02-03 09:12:24,775.69000,1.15210,s,l
2026-02-03 09:12:24,775.69000,0.13707,s,l
2026-02-03 09:12:24,775.65000,0.32593,s,l
2026-02-03 09:12:24,775.65000,0.96331,s,l
2026-02-03 09:12:24,775.40000,0.10180,s,l
2026-02-03 09:12:24,775.09000,0.07480,s,l
2026-02-03 09:16:24,770.74000,0.07212,s,l
2026-02-03 09:16:24,770.74000,0.02348,s,l
2026-02-03 09:16:24,770.00000,0.09570,s,l
2026-02-03 09:16:47,772.54000,6.46972,b,l
2026-02-03 09:21:09,772.87000,0.52924,b,l
2026-02-03 09:21:09,772.88000,0.27670,b,l
2026-02-03 09:21:09,772.89000,0.40835,b,l
2026-02-03 09:24:43,770.00000,6.70227,s,l
2026-02-03 09:24:48,770.00000,7.22694,s,l
2026-02-03 09:24:48,770.00000,6.51395,s,l
2026-02-03 09:24:50,770.00000,6.72998,s,l
2026-02-03 09:24:51,770.00000,6.55466,s,l
2026-02-03 09:24:51,770.00000,6.94366,s,l
2026-02-03 09:24:52,770.00000,6.23284,s,l
2026-02-03 09:24:52,770.00000,0.49556,s,l
2026-02-03 09:24:52,770.00000,6.94518,s,l
2026-02-03 09:24:54,770.00000,1.61564,s,l
2026-02-03 09:25:00,770.00000,1.18117,s,l
2026-02-03 09:25:00,770.00000,7.50225,s,l
2026-02-03 09:25:03,770.00000,6.55663,s,l
2026-02-03 09:25:04,770.00000,6.51227,s,l
2026-02-03 09:25:05,770.00000,4.28625,s,l
2026-02-03 09:25:05,770.00000,1.18117,s,l
2026-02-03 09:25:06,770.01000,0.05160,b,m
2026-02-03 09:25:06,770.00000,0.85725,s,l
2026-02-03 09:25:06,770.00000,0.85725,s,l
2026-02-03 09:25:06,770.00000,0.85725,s,l
2026-02-03 09:25:06,770.00000,0.85725,s,l
2026-02-03 09:25:06,770.00000,0.85725,s,l
2026-02-03 09:25:06,770.00000,0.85725,s,l
2026-02-03 09:25:06,770.00000,0.85725,s,l
2026-02-03 09:25:06,770.00000,12.72313,s,l
2026-02-03 09:25:06,770.00000,4.04745,s,l
2026-02-03 09:25:06,770.00000,0.85725,s,l
2026-02-03 09:25:07,770.00000,0.85725,s,l
2026-02-03 09:25:07,770.00000,0.85725,s,l
2026-02-03 09:25:07,770.00000,0.85725,s,l
2026-02-03 09:25:07,770.00000,0.85725,s,l
2026-02-03 09:25:07,770.00000,0.85725,s,l
2026-02-03 09:25:07,770.00000,0.85725,s,l
2026-02-03 09:25:07,770.00000,0.85725,s,l
2026-02-03 09:25:07,770.00000,6.65714,s,l
2026-02-03 09:25:08,770.00000,6.68462,s,l
2026-02-03 09:25:08,770.00000,8.42745,s,l
2026-02-03 09:25:08,770.00000,6.59683,s,l
2026-02-03 09:25:08,770.00000,1.18117,s,l
2026-02-03 09:25:08,770.00000,6.55013,s,l
2026-02-03 09:25:09,770.00000,7.99721,s,l
2026-02-03 09:25:37,769.24000,1.00000,s,l
2026-02-03 09:31:42,769.81000,0.09179,b,l
2026-02-03 09:32:16,770.15000,0.06869,b,l
2026-02-03 09:34:00,770.47000,0.00870,b,l
2026-02-03 09:35:24,770.74000,0.09560,b,l
2026-02-03 09:35:35,771.55000,1.77176,b,l
2026-02-03 09:35:35,771.60000,0.72824,b,l
2026-02-03 09:35:35,771.60000,2.11240,b,l
2026-02-03 09:35:35,771.60000,1.29600,b,l
2026-02-03 09:35:35,771.60000,1.03636,b,l
2026-02-03 09:36:29,772.64000,0.17660,b,l
2026-02-03 09:36:47,772.67000,0.04538,b,l
2026-02-03 09:36:55,772.47000,0.06472,b,m
2026-02-03 09:37:24,772.22000,0.21090,s,l
2026-02-03 09:37:24,772.20000,1.08316,s,l
2026-02-03 09:37:27,772.45000,0.08036,b,l
2026-02-03 09:37:29,772.42000,0.00647,b,m
2026-02-03 09:39:29,772.14000,0.02751,s,l
2026-02-03 09:43:03,772.23000,0.21090,b,l
2026-02-03 09:43:03,772.26000,1.29490,b,l
2026-02-03 09:43:03,772.31000,0.21090,b,l
2026-02-03 09:43:03,772.32000,0.74812,b,l
2026-02-03 09:43:03,772.32000,0.54669,b,l
2026-02-03 09:43:03,772.39000,0.90601,b,l
2026-02-03 09:43:03,772.40000,0.21090,b,l
2026-02-03 09:43:03,772.53000,0.34037,b,l
2026-02-03 09:43:03,772.53000,0.50000,b,l
2026-02-03 09:43:03,772.53000,0.06117,b,l
2026-02-03 09:43:03,772.72000,1.08315,b,l
2026-02-03 09:43:03,772.82000,0.21090,b,l
2026-02-03 09:43:03,773.20000,0.21090,b,l
2026-02-03 09:43:03,773.32000,0.00085,b,l
2026-02-03 09:43:03,773.32000,1.50580,b,l
2026-02-03 09:43:05,773.17000,0.06402,b,m
2026-02-03 09:49:21,771.51000,0.11700,b,m
2026-02-03 09:49:37,771.42000,0.21090,s,l
2026-02-03 09:49:37,771.36000,0.17660,s,l
2026-02-03 09:49:37,771.28000,1.29654,s,l
2026-02-03 09:49:37,771.28000,1.29654,s,l
2026-02-03 09:49:37,771.25000,0.21090,s,l
2026-02-03 09:49:37,771.35000,0.50000,s,l
2026-02-03 09:49:37,771.35000,1.25000,s,l
2026-02-03 09:49:37,771.35000,0.19320,s,l
2026-02-03 09:49:37,771.35000,0.42035,s,l
2026-02-03 09:49:37,771.17000,0.10794,s,l
2026-02-03 09:52:28,771.65000,0.03530,b,l
2026-02-03 09:56:34,771.13000,0.00584,b,l
2026-02-03 10:00:41,771.51000,0.13250,s,l
2026-02-03 10:02:34,770.85000,0.06488,b,m
2026-02-03 10:04:51,772.12000,0.05105,s,l
2026-02-03 10:06:40,772.55000,0.02137,b,l
2026-02-03 10:08:00,772.11000,0.02128,s,l
2026-02-03 10:11:43,771.84000,0.00227,b,l
2026-02-03 10:13:11,771.75000,0.02135,s,l
2026-02-03 10:14:53,771.49000,0.30244,s,l
2026-02-03 10:15:43,771.63000,0.06159,s,l
2026-02-03 10:21:00,769.76000,0.10017,s,l
2026-02-03 10:21:00,769.76000,0.21028,s,l
2026-02-03 10:21:51,770.06000,1.29860,s,l
2026-02-03 10:21:51,770.01000,1.29868,s,l
2026-02-03 10:22:58,770.04000,0.00460,b,l
2026-02-03 10:25:29,770.28000,0.01260,b,l
2026-02-03 10:28:48,770.18000,0.00818,b,l
2026-02-03 10:30:39,769.29000,0.12988,b,l
2026-02-03 10:31:09,769.10000,0.01287,b,l
2026-02-03 10:31:25,769.01000,0.06347,b,l
2026-02-03 10:33:28,767.40000,1.80662,b,l
2026-02-03 10:33:28,767.41000,0.15085,b,l
2026-02-03 10:33:28,767.44000,1.30303,b,l
2026-02-03 10:33:28,767.51000,1.30291,b,l
2026-02-03 10:33:28,767.55000,0.21090,b,l
2026-02-03 10:33:28,767.51000,0.06824,b,l
2026-02-03 10:33:28,767.63000,0.14266,b,l
2026-02-03 10:33:28,767.72000,2.28451,b,l
2026-02-03 10:33:28,767.72000,2.11942,b,l
2026-02-03 10:33:28,767.72000,0.99910,b,l
2026-02-03 10:33:28,767.59000,0.32955,b,l
2026-02-03 10:33:28,767.71000,1.44478,b,l
2026-02-03 10:37:52,767.51000,0.02838,s,l
2026-02-03 10:42:09,767.61000,0.00174,b,l
2026-02-03 10:43:57,767.16000,1.30350,s,l
2026-02-03 10:43:57,767.15000,1.30352,s,l
2026-02-03 10:43:57,767.13000,1.82681,s,l
2026-02-03 10:43:57,766.98000,0.16373,s,l
2026-02-03 10:43:57,766.95000,6.51929,s,l
2026-02-03 10:43:57,766.91000,0.34108,s,l
2026-02-03 10:43:57,766.85000,1.30352,s,l
2026-02-03 10:43:57,766.77000,6.52083,s,l
2026-02-03 10:43:57,766.55000,1.44697,s,l
2026-02-03 10:43:57,766.46000,0.21090,s,l
2026-02-03 10:43:57,766.43000,1.35947,s,l
2026-02-03 10:43:57,766.43000,0.67913,s,l
2026-02-03 10:43:57,766.43000,4.19470,s,l
2026-02-03 10:43:57,766.98000,0.08634,s,l
2026-02-03 10:43:57,766.43000,0.31096,s,l
2026-02-03 10:43:57,766.43000,1.93180,s,l
2026-02-03 10:43:57,766.43000,0.08626,s,l
2026-02-03 10:43:57,766.38000,0.21090,s,l
2026-02-03 10:43:57,766.30000,0.64925,s,l
2026-02-03 10:43:57,766.22000,0.01675,s,l
2026-02-03 10:43:57,766.14000,6.46972,s,l
2026-02-03 10:43:57,766.12000,0.21090,s,l
2026-02-03 10:43:57,766.01000,1.25000,s,l
2026-02-03 10:43:57,766.01000,0.05370,s,l
2026-02-03 10:43:57,766.00000,1.58460,s,l
2026-02-03 10:43:57,765.60000,0.21090,s,l
2026-02-03 10:43:57,765.59000,0.01607,s,l
2026-02-03 10:43:57,765.52000,0.21090,s,l
2026-02-03 10:43:57,765.40000,0.21090,s,l
2026-02-03 10:43:57,765.08000,0.21090,s,l
2026-02-03 10:43:57,765.04000,0.31133,s,l
2026-02-03 10:43:57,765.60000,0.21090,s,l
2026-02-03 10:43:57,765.00000,0.21090,s,l
2026-02-03 10:43:57,764.99000,0.03820,s,l
2026-02-03 10:43:57,764.99000,0.59000,s,l
2026-02-03 10:43:57,765.61000,0.21090,s,l
2026-02-03 10:43:57,765.54000,0.05730,s,l
2026-02-03 10:43:57,765.61000,0.21090,s,l
2026-02-03 10:43:57,765.54000,0.00910,s,l
2026-02-03 10:43:57,765.54000,0.02000,s,l
2026-02-03 10:43:57,765.54000,0.02000,s,l
2026-02-03 10:44:00,766.13000,0.01133,b,l
2026-02-03 10:44:00,766.13000,0.01133,b,l
2026-02-03 10:48:08,767.12000,4.69000,s,l
2026-02-03 10:48:08,767.12000,1.91839,s,l
2026-02-03 10:48:08,767.12000,0.03287,s,l
2026-02-03 10:48:14,767.01000,0.03543,s,l
2026-02-03 10:49:37,767.01000,4.65557,s,l
2026-02-03 10:49:37,767.01000,1.99253,s,l
2026-02-03 10:49:37,766.80000,0.06166,b,l
2026-02-03 10:50:59,767.20000,4.69100,s,l
2026-02-03 10:50:59,767.20000,3.28717,s,l
2026-02-03 10:53:14,766.59000,0.01278,b,m
2026-02-03 10:54:53,766.86000,0.21090,s,l
2026-02-03 10:54:53,766.85000,1.30402,s,l
2026-02-03 10:54:53,766.82000,3.18518,s,l
2026-02-03 10:56:29,766.90000,0.06519,b,m
2026-02-03 10:57:25,766.90000,0.00460,s,l
2026-02-03 10:57:29,767.04000,0.01948,b,l
2026-02-03 10:59:05,766.98000,0.15603,b,m
2026-02-03 10:59:05,767.02000,0.22583,b,m
2026-02-03 11:00:28,767.03000,0.78560,b,l
2026-02-03 11:00:28,767.03000,0.33720,b,l
2026-02-03 11:07:11,767.97000,0.00189,b,l
2026-02-03 11:12:55,767.52000,0.36000,b,m
2026-02-03 11:14:30,767.48000,0.01313,s,l
2026-02-03 11:15:02,767.59000,0.21090,b,m
2026-02-03 11:15:02,767.62000,0.28592,b,m
2026-02-03 11:15:04,767.54000,0.00632,b,l
2026-02-03 11:16:05,767.57000,0.16800,b,m
2026-02-03 11:16:47,767.69000,0.01301,b,l
2026-02-03 11:17:21,767.69000,0.00137,b,l
2026-02-03 11:20:06,767.47000,0.10240,s,l
2026-02-03 11:20:06,767.46000,1.35328,s,l
2026-02-03 11:21:11,768.15000,0.00861,b,l
2026-02-03 11:21:11,768.15000,0.06042,b,l
2026-02-03 11:21:24,767.99000,0.01157,s,l
2026-02-03 11:28:10,767.69000,0.00172,b,l
2026-02-03 11:28:20,767.49000,0.09866,s,l
2026-02-03 11:28:48,767.43000,0.00233,s,l
2026-02-03 11:29:14,767.68000,0.00202,b,l
2026-02-03 11:30:08,767.79000,0.09242,b,l
2026-02-03 11:31:19,767.62000,0.08942,s,l
2026-02-03 11:31:19,767.61000,0.00300,s,l
2026-02-03 11:32:33,767.58000,0.01574,s,l
2026-02-03 11:32:40,767.93000,0.08670,b,l
2026-02-03 11:33:57,769.22000,0.02572,s,l
2026-02-03 11:33:57,769.21000,0.06098,s,l
2026-02-03 11:37:39,769.33000,0.01068,s,l
2026-02-03 11:38:42,769.41000,0.08125,b,l
2026-02-03 11:39:44,768.73000,0.00128,b,l
2026-02-03 11:40:18,768.76000,0.01900,b,m
2026-02-03 11:40:24,768.85000,0.35080,b,l
2026-02-03 11:40:24,768.85000,0.55521,b,l
2026-02-03 11:40:24,768.88000,0.69479,b,l
2026-02-03 11:40:24,768.88000,0.60580,b,l
2026-02-03 11:40:24,768.89000,0.64420,b,l
2026-02-03 11:40:24,768.89000,0.65638,b,l
2026-02-03 11:40:24,768.96000,1.25000,b,l
2026-02-03 11:41:36,768.91000,0.14300,b,l
2026-02-03 11:41:52,768.78000,0.08125,s,l
2026-02-03 11:44:52,768.79000,0.26811,b,l
2026-02-03 11:45:46,768.55000,0.09153,s,l
2026-02-03 11:45:58,768.83000,0.01000,b,m
2026-02-03 11:48:19,769.43000,0.22310,b,l
2026-02-03 11:48:34,769.52000,0.18030,b,l
2026-02-03 11:48:34,769.61000,0.08190,b,l
2026-02-03 11:49:36,769.82000,0.07636,b,l
2026-02-03 11:53:52,769.03000,1.22232,b,m
2026-02-03 11:54:16,768.52000,0.01742,b,l
2026-02-03 11:54:42,768.71000,0.21090,b,l
2026-02-03 11:54:42,768.72000,0.05715,b,l
2026-02-03 11:55:13,768.98000,1.30042,b,l
2026-02-03 11:55:13,768.98000,1.30042,b,l
2026-02-03 11:55:13,768.98000,0.21090,b,l
2026-02-03 11:55:13,769.06000,1.55932,b,l
2026-02-03 11:55:13,769.07000,0.21090,b,l
2026-02-03 11:55:13,769.10000,0.01300,b,l
2026-02-03 11:55:13,769.11000,1.77176,b,l
2026-02-03 11:55:13,769.12000,0.37055,b,l
2026-02-03 11:55:13,769.12000,0.16660,b,l
2026-02-03 11:55:35,769.27000,0.00142,s,l
2026-02-03 11:55:59,769.31000,0.21090,b,l
2026-02-03 11:55:59,769.32000,1.16923,b,l
2026-02-03 12:02:31,767.83000,0.26834,b,l
2026-02-03 12:05:10,767.77000,0.21090,s,l
2026-02-03 12:05:10,767.75000,0.33722,s,l
2026-02-03 12:10:10,769.52000,0.17861,b,l
2026-02-03 12:10:29,769.24000,0.00186,b,l
2026-02-03 12:11:07,769.07000,0.39775,b,m
2026-02-03 12:12:17,769.76000,0.21090,b,l
2026-02-03 12:12:17,769.77000,0.39568,b,l
2026-02-03 12:12:59,770.40000,1.29800,b,l
2026-02-03 12:12:59,770.48000,0.81490,b,l
2026-02-03 12:12:59,770.48000,0.48300,b,l
2026-02-03 12:12:59,770.48000,0.04800,b,l
2026-02-03 12:12:59,770.48000,1.25004,b,l
2026-02-03 12:13:01,771.06000,1.25582,b,l
2026-02-03 12:13:01,771.09000,0.68854,b,l
2026-02-03 12:13:01,771.09000,0.56150,b,l
2026-02-03 12:13:30,771.43000,0.06519,s,m
2026-02-03 12:13:34,772.04000,0.21090,b,l
2026-02-03 12:13:34,772.11000,0.05614,b,l
2026-02-03 12:14:38,770.78000,0.01900,b,m
2026-02-03 12:15:06,770.57000,0.16217,b,l
2026-02-03 12:16:49,770.43000,0.28157,b,l
2026-02-03 12:17:10,770.35000,0.00861,b,l
2026-02-03 12:18:10,770.19000,0.03673,s,l
2026-02-03 12:19:46,770.11000,0.04976,b,m
2026-02-03 12:19:50,770.10000,0.13385,b,l
2026-02-03 12:21:06,770.91000,0.21090,b,m
2026-02-03 12:21:06,770.92000,0.41049,b,m
2026-02-03 12:22:25,770.49000,3.95035,s,l
2026-02-03 12:25:16,770.60000,0.17737,b,l
2026-02-03 12:26:07,770.89000,0.21663,b,m
2026-02-03 12:29:23,772.18000,0.00311,b,l
2026-02-03 12:29:34,772.14000,0.00437,b,l
2026-02-03 12:31:40,772.09000,0.00311,s,l
2026-02-03 12:32:58,771.87000,0.25673,b,l
2026-02-03 12:34:01,771.32000,0.00541,b,l
2026-02-03 12:34:19,770.92000,0.03657,b,l
2026-02-03 12:34:35,771.01000,0.21090,b,l
2026-02-03 12:34:35,771.02000,0.36341,b,l
2026-02-03 12:35:20,770.83000,1.29730,s,l
2026-02-03 12:35:20,770.83000,0.21090,s,l
2026-02-03 12:35:20,770.83000,0.40854,s,l
2026-02-03 12:36:09,770.71000,0.04117,s,l
2026-02-03 12:37:03,771.02000,6.52359,b,l
2026-02-03 12:38:13,771.47000,0.02055,s,l
2026-02-03 12:39:11,771.78000,0.00798,b,l
2026-02-03 12:40:42,772.22000,0.17803,b,l
2026-02-03 12:41:00,772.31000,0.12587,b,l
2026-02-03 12:41:25,772.62000,0.18000,b,m
2026-02-03 12:43:27,772.20000,0.21090,b,l
2026-02-03 12:43:27,772.26000,1.29490,b,l
2026-02-03 12:43:27,772.30000,1.72549,b,l
2026-02-03 12:44:48,772.38000,1.29469,b,l
2026-02-03 12:44:48,772.38000,0.21090,b,l
2026-02-03 12:44:48,772.41000,1.29465,b,l
2026-02-03 12:44:48,772.52000,0.21090,b,l
2026-02-03 12:44:48,772.52000,1.43568,b,l
2026-02-03 12:44:48,772.53000,0.40105,b,l
2026-02-03 12:49:02,773.06000,0.48356,b,l
2026-02-03 12:49:02,773.06000,0.21090,b,l
2026-02-03 12:49:02,773.06000,0.40000,b,l
2026-02-03 12:49:02,773.07000,1.77176,b,l
2026-02-03 12:49:02,773.13000,1.29344,b,l
2026-02-03 12:49:02,773.13000,1.29344,b,l
2026-02-03 12:49:02,773.16000,0.21090,b,l
2026-02-03 12:49:02,773.25000,0.21090,b,l
2026-02-03 12:49:02,773.28000,6.46596,b,l
2026-02-03 12:49:02,773.36000,6.46972,b,l
2026-02-03 12:49:02,773.25000,0.40000,b,l
2026-02-03 12:49:02,773.37000,2.10000,b,l
2026-02-03 12:49:02,773.37000,2.26029,b,l
2026-02-03 12:49:02,773.37000,1.25000,b,l
2026-02-03 12:49:02,773.31000,0.40000,b,l
2026-02-03 12:49:02,773.39000,0.30575,b,l
2026-02-03 12:49:02,773.43000,2.86263,b,l
2026-02-03 12:49:02,773.43000,2.11416,b,l
2026-02-03 12:49:02,773.43000,1.45385,b,l
2026-02-03 12:49:02,773.43000,0.03410,b,l
2026-02-03 12:49:02,773.25000,0.07493,b,l
2026-02-03 12:49:02,773.52000,0.86200,b,l
2026-02-03 12:49:02,773.52000,0.21070,b,l
2026-02-03 12:49:02,773.52000,0.40000,b,l
2026-02-03 12:49:02,773.52000,0.85000,b,l
2026-02-03 12:49:02,773.52000,0.26504,b,l
2026-02-03 12:49:02,773.53000,1.16230,b,l
2026-02-03 12:49:02,773.53000,0.18690,b,l
2026-02-03 12:49:02,773.47000,0.21061,s,l
2026-02-03 12:49:02,773.55000,2.58908,s,l
2026-02-03 12:49:02,773.51000,0.21090,s,l
2026-02-03 12:49:02,773.50000,0.21090,s,l
2026-02-03 12:49:02,773.47000,1.98912,s,l
2026-02-03 12:49:02,774.00000,7.73825,b,l
2026-02-03 12:49:02,774.00000,0.06000,b,l
2026-02-03 12:49:02,774.00000,0.32000,b,l
2026-02-03 12:49:02,774.00000,0.32000,b,l
2026-02-03 12:49:02,774.00000,0.26000,b,l
2026-02-03 12:49:02,774.00000,0.12000,b,l
2026-02-03 12:49:02,774.00000,0.27000,b,l
2026-02-03 12:49:02,774.00000,0.27000,b,l
2026-02-03 12:49:02,774.00000,0.26000,b,l
2026-02-03 12:49:02,774.00000,0.25000,b,l
2026-02-03 12:49:02,774.00000,0.04700,b,l
2026-02-03 12:49:02,774.00000,0.04000,b,l
2026-02-03 12:49:40,773.79000,0.00795,s,l
2026-02-03 12:50:13,773.62000,0.07589,b,l
2026-02-03 12:50:52,773.75000,0.21361,b,l
2026-02-03 12:51:16,773.40000,0.14200,b,m
2026-02-03 12:52:23,773.03000,0.00591,s,l
2026-02-03 12:52:43,773.12000,5.15900,b,l
2026-02-03 12:52:43,773.13000,2.14025,b,l
2026-02-03 12:54:47,773.40000,0.00193,b,l
2026-02-03 12:55:00,773.40000,0.06540,b,l
2026-02-03 12:55:04,774.00000,6.54800,b,l
2026-02-03 12:55:04,774.00000,6.80027,b,l
2026-02-03 12:55:05,774.00000,6.47362,b,l
2026-02-03 12:55:05,774.00000,1.13831,b,l
2026-02-03 12:55:05,774.00000,1.18117,b,l
2026-02-03 12:55:05,774.00000,7.14822,b,l
2026-02-03 12:55:06,774.00000,6.60609,b,l
2026-02-03 12:55:06,774.00000,6.64174,b,l
2026-02-03 12:55:12,774.00000,0.01351,b,l
2026-02-03 12:55:18,774.00000,2.49382,b,l
2026-02-03 13:01:09,773.36000,0.00936,s,l
2026-02-03 13:01:50,773.21000,0.02296,s,l
2026-02-03 13:03:29,773.86000,0.04523,b,l
2026-02-03 13:07:21,775.15000,0.01680,s,l
2026-02-03 13:08:12,775.14000,0.01259,b,m
2026-02-03 13:08:32,775.02000,0.01948,s,l
2026-02-03 13:09:06,774.91000,0.03594,b,l
2026-02-03 13:10:44,774.07000,0.01592,s,l
2026-02-03 13:13:37,774.73000,0.01851,b,l
2026-02-03 13:14:57,774.86000,1.29055,s,l
2026-02-03 13:15:12,774.89000,1.29050,s,l
2026-02-03 13:16:40,774.86000,0.12530,b,l
2026-02-03 13:17:51,774.56000,0.13317,b,l
2026-02-03 13:17:59,774.52000,0.66935,s,l
2026-02-03 13:23:21,772.65000,0.03807,b,l
2026-02-03 13:23:25,772.58000,0.10500,b,m
2026-02-03 13:24:13,772.74000,0.00534,s,l
2026-02-03 13:25:08,772.70000,0.17900,b,m
2026-02-03 13:25:31,772.88000,0.01424,b,l
2026-02-03 13:26:03,772.61000,0.04269,b,l
2026-02-03 13:29:44,774.30000,0.62610,b,l
2026-02-03 13:30:06,774.89000,0.04052,b,m
2026-02-03 13:31:43,774.62000,0.04391,b,l
2026-02-03 13:31:49,774.74000,0.02506,b,l
2026-02-03 13:33:01,773.84000,0.02541,b,l
2026-02-03 13:34:32,773.18000,0.01034,s,l
2026-02-03 13:35:23,773.62000,0.01350,s,l
2026-02-03 13:35:33,773.47000,0.04125,s,l
2026-02-03 13:36:30,773.21000,0.21090,b,l
2026-02-03 13:36:30,773.22000,1.86845,b,l
2026-02-03 13:36:45,773.19000,0.01744,b,l
2026-02-03 13:39:31,774.36000,0.21090,b,m
2026-02-03 13:39:31,774.37000,0.02910,b,m
2026-02-03 13:39:48,774.35000,0.77014,b,l
2026-02-03 13:42:19,774.21000,0.00130,b,l
2026-02-03 13:45:04,774.07000,0.21090,b,l
2026-02-03 13:45:04,774.11000,0.09353,b,l
2026-02-03 13:45:06,774.11000,0.51086,b,m
2026-02-03 13:47:01,774.23000,0.09428,s,l
2026-02-03 13:48:01,774.27000,0.00800,b,l
2026-02-03 13:48:07,774.32000,0.02249,b,m
2026-02-03 13:48:33,774.27000,1.29153,b,m
2026-02-03 13:48:33,774.27000,0.21090,b,m
2026-02-03 13:48:33,774.27000,0.11057,b,m
2026-02-03 13:48:45,774.19000,0.00281,b,l
2026-02-03 13:49:18,774.04000,0.05800,b,m
2026-02-03 13:50:21,774.03000,1.29193,b,m
2026-02-03 13:50:21,774.03000,0.21090,b,m
2026-02-03 13:50:21,774.03000,0.20300,b,m
2026-02-03 13:51:51,772.55000,0.06937,s,l
2026-02-03 13:52:23,772.81000,0.00628,b,l
2026-02-03 13:52:44,772.49000,0.21090,s,l
2026-02-03 13:52:44,772.47000,0.19553,s,l
2026-02-03 13:53:07,772.73000,0.21090,s,l
2026-02-03 13:53:41,772.72000,0.13600,b,m
2026-02-03 13:54:02,772.72000,6.68566,b,l
2026-02-03 13:54:03,772.72000,5.96744,b,l
2026-02-03 13:54:03,772.72000,0.53162,b,l
2026-02-03 13:54:03,772.72000,1.18117,b,l
2026-02-03 13:56:18,773.98000,0.14074,b,l
2026-02-03 13:57:08,773.98000,2.91662,b,l
2026-02-03 13:57:11,773.98000,0.08213,b,l
2026-02-03 13:58:07,774.52000,0.06534,b,m
2026-02-03 13:59:06,774.47000,0.01625,b,m
2026-02-03 13:59:21,774.70000,1.29082,s,l
2026-02-03 13:59:21,774.62000,0.21090,s,l
2026-02-03 13:59:21,774.59000,1.29098,s,l
2026-02-03 13:59:21,774.55000,0.03786,s,l
2026-02-03 13:59:21,774.48000,0.21090,s,l
2026-02-03 13:59:21,774.48000,0.90601,s,l
2026-02-03 13:59:21,774.46000,0.37100,s,l
2026-02-03 13:59:21,774.42000,2.40688,s,l
2026-02-03 14:00:08,774.25000,0.05628,b,m
2026-02-03 14:00:19,774.38000,0.03288,b,l
2026-02-03 14:00:36,774.23000,0.02558,b,l
2026-02-03 14:03:05,775.48000,0.02759,b,l
2026-02-03 14:03:11,775.44000,0.00241,b,l
2026-02-03 14:06:35,774.76000,0.05000,b,m
2026-02-03 14:10:08,775.01000,0.04516,b,m
2026-02-03 14:10:13,774.93000,0.01232,b,l
2026-02-03 14:11:14,774.35000,0.96710,b,m
2026-02-03 14:11:14,774.35000,0.21090,b,m
2026-02-03 14:11:14,774.36000,1.29138,b,m
2026-02-03 14:11:14,774.44000,0.01683,b,m
2026-02-03 14:11:14,774.46000,0.92279,b,m
2026-02-03 14:12:56,774.37000,0.18000,b,m
2026-02-03 14:13:18,774.16000,0.04520,b,m
2026-02-03 14:13:18,774.16000,0.40000,b,m
2026-02-03 14:13:18,774.16000,0.05480,b,m
2026-02-03 14:14:11,774.02000,0.19999,s,l
2026-02-03 14:15:05,774.70000,0.02600,b,m
2026-02-03 14:16:39,774.48000,0.00291,b,l
2026-02-03 14:16:45,774.81000,0.05800,b,m
2026-02-03 14:17:18,773.85000,0.21320,s,l
2026-02-03 14:19:06,772.47000,0.01618,b,m
2026-02-03 14:21:07,772.58000,0.06504,b,m
2026-02-03 14:23:07,772.55000,0.04472,b,m
2026-02-03 14:24:31,772.65000,0.00921,s,l
2026-02-03 14:25:02,773.61000,0.39523,b,m
2026-02-03 14:25:07,773.60000,0.02100,b,m
2026-02-03 14:27:28,774.22000,0.01918,b,l
2026-02-03 14:27:41,774.39000,0.00749,s,l
2026-02-03 14:28:36,774.15000,0.42748,s,l
2026-02-03 14:31:02,774.58000,0.03142,s,l
2026-02-03 14:33:23,772.35000,0.21090,s,l
2026-02-03 14:33:23,772.34000,0.04111,s,l
2026-02-03 14:33:29,772.56000,0.01609,b,l
2026-02-03 14:33:50,772.19000,0.21090,b,l
2026-02-03 14:33:50,772.22000,0.00016,b,l
2026-02-03 14:37:04,771.51000,0.06018,b,l
2026-02-03 14:37:06,771.27000,0.10404,b,m
2026-02-03 14:39:07,770.85000,0.03262,b,l
2026-02-03 14:39:35,770.00000,0.63440,s,l
2026-02-03 14:39:35,770.00000,0.92400,s,l
2026-02-03 14:39:37,769.77000,0.01285,b,l
2026-02-03 14:43:09,769.41000,0.85360,s,l
2026-02-03 14:43:09,769.41000,1.86560,s,l
2026-02-03 14:43:09,769.41000,0.39640,s,l
2026-02-03 14:43:09,769.41000,3.35362,s,l
2026-02-03 14:43:09,769.33000,2.83820,s,l
2026-02-03 14:45:01,770.16000,0.01409,b,l
2026-02-03 14:45:03,770.16000,0.79630,b,l
2026-02-03 14:45:03,770.16000,0.15990,b,l
2026-02-03 14:49:39,771.33000,0.90601,b,m
2026-02-03 14:49:39,771.33000,0.21090,b,m
2026-02-03 14:49:39,771.34000,0.49767,b,m
2026-02-03 14:50:48,769.11000,0.06495,b,m
2026-02-03 14:52:04,768.64000,0.02551,b,l
2026-02-03 14:53:27,768.65000,0.15100,b,m
2026-02-03 14:54:51,767.61000,0.25142,s,l
2026-02-03 14:55:31,766.98000,0.12100,b,m
2026-02-03 14:55:32,766.65000,0.21090,s,l
2026-02-03 14:55:32,766.64000,0.04053,s,l
2026-02-03 14:55:35,766.76000,0.01847,b,l
2026-02-03 14:55:43,766.24000,0.00132,b,l
2026-02-03 14:56:53,766.12000,0.03858,b,l
2026-02-03 14:57:01,765.79000,0.07340,b,l
2026-02-03 14:57:08,766.08000,0.57217,b,m
2026-02-03 14:58:56,765.54000,0.11502,b,l
2026-02-03 14:59:15,765.35000,0.21090,s,l
2026-02-03 14:59:15,765.28000,0.10393,s,l
2026-02-03 14:59:16,765.20000,0.33860,b,l
2026-02-03 14:59:44,765.00000,1.18117,s,l
2026-02-03 14:59:46,765.00000,0.77961,s,l
2026-02-03 15:00:30,764.77000,0.00818,s,l
2026-02-03 15:01:37,765.24000,0.31483,b,m
2026-02-03 15:01:37,765.24000,0.33860,b,m
2026-02-03 15:02:47,765.92000,0.00500,b,l
2026-02-03 15:04:18,767.65000,0.10114,s,l
2026-02-03 15:05:30,768.45000,0.01334,s,l
2026-02-03 15:09:16,768.40000,0.06500,b,m
2026-02-03 15:10:15,768.13000,0.09300,b,m
2026-02-03 15:11:16,766.35000,0.04574,s,l
2026-02-03 15:12:39,766.30000,0.02800,b,m
2026-02-03 15:13:51,764.99000,0.00196,b,l
2026-02-03 15:14:46,764.56000,0.00633,b,l
2026-02-03 15:15:19,764.13000,1.00000,s,l
2026-02-03 15:15:37,763.90000,0.00471,b,l
2026-02-03 15:17:21,765.85000,0.01570,s,l
2026-02-03 15:17:50,766.30000,0.01296,s,l
2026-02-03 15:23:54,767.29000,0.17660,s,l
2026-02-03 15:23:54,767.28000,0.21090,s,l
2026-02-03 15:23:54,767.24000,1.30337,s,l
2026-02-03 15:23:54,767.24000,1.30337,s,l
2026-02-03 15:23:54,767.20000,0.21090,s,l
2026-02-03 15:23:54,767.18000,3.52070,s,l
2026-02-03 15:25:21,764.73000,0.19200,b,m
2026-02-03 15:25:41,764.75000,0.21090,b,m
2026-02-03 15:25:41,764.76000,0.09110,b,m
2026-02-03 15:26:10,766.98000,0.00128,b,l
2026-02-03 15:26:21,767.10000,2.50000,b,l
2026-02-03 15:26:21,767.10000,0.66850,b,l
2026-02-03 15:26:21,767.26000,0.11380,b,l
2026-02-03 15:26:21,767.26000,1.18954,b,l
2026-02-03 15:26:21,767.37000,0.21090,b,l
2026-02-03 15:26:21,767.37000,1.09226,b,l
2026-02-03 15:26:21,767.49000,0.17660,b,l
2026-02-03 15:26:22,768.00000,1.45730,b,l
2026-02-03 15:26:22,768.00000,0.94458,b,l
2026-02-03 15:26:23,768.61000,1.77176,b,l
2026-02-03 15:26:23,768.78000,0.21090,b,l
2026-02-03 15:26:23,768.94000,0.21090,b,l
2026-02-03 15:26:23,769.10000,0.21090,b,l
2026-02-03 15:26:23,769.18000,0.21090,b,l
2026-02-03 15:26:24,769.42000,0.21090,b,l
2026-02-03 15:26:24,769.50000,0.21090,b,l
2026-02-03 15:26:24,769.58000,0.21090,b,l
2026-02-03 15:26:24,769.66000,0.09130,b,l
2026-02-03 15:26:25,768.86000,0.21090,b,l
2026-02-03 15:26:29,770.89000,0.67733,b,l
2026-02-03 15:26:33,772.54000,0.21090,b,l
2026-02-03 15:26:33,772.56000,4.68100,b,l
2026-02-03 15:26:33,772.62000,0.21090,b,l
2026-02-03 15:26:33,772.63000,0.90601,b,l
2026-02-03 15:26:33,772.65000,2.33100,b,l
2026-02-03 15:26:33,772.78000,0.21090,b,l
2026-02-03 15:26:33,772.86000,0.21090,b,l
2026-02-03 15:26:33,772.93000,1.35139,b,l
2026-02-03 15:26:33,772.94000,0.21090,b,l
2026-02-03 15:26:33,773.02000,0.21090,b,l
2026-02-03 15:26:33,773.02000,6.46814,b,l
2026-02-03 15:26:33,773.02000,6.46814,b,l
2026-02-03 15:26:33,773.10000,1.39620,b,l
2026-02-03 15:27:01,773.52000,0.00703,s,l
2026-02-03 15:29:22,772.35000,0.02507,b,l
2026-02-03 15:31:21,771.66000,0.02675,s,l
2026-02-03 15:32:59,773.45000,1.25840,b,l
2026-02-03 15:32:59,773.45000,0.03450,b,l
2026-02-03 15:32:59,773.50000,1.29282,b,l
2026-02-03 15:32:59,773.78000,0.09832,b,l
2026-02-03 15:32:59,773.80000,2.85183,b,l
2026-02-03 15:32:59,773.80000,3.60980,b,l
2026-02-03 15:32:59,774.06000,0.67487,b,l
2026-02-03 15:32:59,774.42000,0.19000,b,l
2026-02-03 15:32:59,774.42000,0.02090,b,l
2026-02-03 15:32:59,774.56000,0.16910,b,l
2026-02-03 15:32:59,774.87000,0.06715,b,l
2026-02-03 15:32:59,774.87000,0.16285,b,l
2026-02-03 15:32:59,774.87000,0.04805,b,l
2026-02-03 15:32:59,774.95000,0.32195,b,l
2026-02-03 15:32:59,775.04000,0.21090,b,l
2026-02-03 15:32:59,775.15000,0.18910,b,l
2026-02-03 15:32:59,775.15000,0.14000,b,l
2026-02-03 15:32:59,774.86000,0.21090,b,l
2026-02-03 15:32:59,775.14000,0.00910,b,l
2026-02-03 15:33:35,775.90000,0.00624,b,l
2026-02-03 15:34:09,774.06000,0.01328,b,l
2026-02-03 15:35:26,772.82000,0.00132,b,l
2026-02-03 15:38:05,773.74000,0.02107,b,l
2026-02-03 15:38:28,773.35000,0.00647,b,m
2026-02-03 15:38:33,773.52000,0.00632,b,l
2026-02-03 15:40:23,771.94000,0.07700,b,m
2026-02-03 15:41:33,770.56000,0.06498,s,l
2026-02-03 15:43:06,770.76000,0.53681,b,m
2026-02-03 15:43:29,770.75000,0.90601,b,l
2026-02-03 15:43:29,770.75000,0.21090,b,l
2026-02-03 15:43:29,770.76000,0.64066,b,l
2026-02-03 15:43:51,770.36000,0.26000,b,m
2026-02-03 15:44:39,770.51000,0.03281,b,l
2026-02-03 15:45:17,769.27000,0.10179,b,l
2026-02-03 15:45:23,769.36000,0.01300,b,m
2026-02-03 15:45:23,769.37000,0.03300,b,m
2026-02-03 15:45:58,770.16000,0.00812,b,l
2026-02-03 15:50:42,776.61000,0.02400,b,m
2026-02-03 15:51:07,777.00000,0.00810,b,l
2026-02-03 15:51:08,777.01000,0.13111,s,m
2026-02-03 15:52:16,775.12000,0.12983,s,m
2026-02-03 15:53:01,775.27000,0.00156,s,l
2026-02-03 15:54:18,776.60000,0.07600,b,m
2026-02-03 15:56:03,776.26000,0.07847,b,m
2026-02-03 15:56:03,776.26000,0.01288,b,m
2026-02-03 15:56:03,776.27000,0.01239,b,m
2026-02-03 15:57:15,775.86000,0.10131,b,l
2026-02-03 15:57:15,775.87000,0.00115,b,l
2026-02-03 15:57:25,776.03000,0.01864,s,l
2026-02-03 15:59:04,776.27000,0.00992,b,m
2026-02-03 15:59:38,776.68000,0.00342,b,l
2026-02-03 16:00:10,775.64000,0.10470,s,l
2026-02-03 16:01:04,775.28000,0.02100,b,m
2026-02-03 16:02:03,775.28000,0.09340,b,m
2026-02-03 16:02:03,775.29000,0.87718,b,m
2026-02-03 16:03:04,774.62000,0.10118,b,m
2026-02-03 16:07:27,772.74000,0.25065,b,l
2026-02-03 16:12:57,770.29000,0.21090,s,l
2026-02-03 16:12:57,770.27000,0.10207,s,l
2026-02-03 16:12:57,770.26000,0.21090,s,l
2026-02-03 16:12:57,770.20000,0.17660,s,l
2026-02-03 16:12:57,770.19000,0.06204,s,l
2026-02-03 16:16:56,768.92000,0.21090,b,m
2026-02-03 16:16:56,768.99000,0.06154,b,m
2026-02-03 16:16:56,769.04000,0.17660,b,m
2026-02-03 16:16:56,769.05000,0.90601,b,m
2026-02-03 16:16:56,769.07000,0.09947,b,m
2026-02-03 16:16:56,769.07000,0.21090,b,m
2026-02-03 16:16:56,769.08000,0.50000,b,m
2026-02-03 16:16:56,769.09000,0.50000,b,m
2026-02-03 16:16:56,769.10000,0.50000,b,m
2026-02-03 16:16:56,769.13000,0.50000,b,m
2026-02-03 16:16:56,769.15000,0.21090,b,m
2026-02-03 16:16:56,769.16000,1.30011,b,m
2026-02-03 16:16:56,769.16000,0.63554,b,m
2026-02-03 16:17:27,768.80000,0.10152,s,l
2026-02-03 16:17:27,768.79000,1.14848,s,l
2026-02-03 16:17:27,768.69000,0.12220,s,l
2026-02-03 16:17:28,768.52000,0.10255,s,l
2026-02-03 16:17:41,767.88000,0.17660,s,l
2026-02-03 16:17:41,767.87000,0.08463,s,l
2026-02-03 16:17:41,767.85000,1.19640,s,l
2026-02-03 16:17:41,767.85000,0.05140,s,l
2026-02-03 16:17:41,767.85000,0.05453,s,l
2026-02-03 16:17:48,767.91000,0.00631,b,l
2026-02-03 16:17:54,767.87000,0.03360,s,l
2026-02-03 16:20:09,768.49000,0.02394,b,l
2026-02-03 16:21:06,769.14000,0.10269,b,l
2026-02-03 16:21:06,769.14000,0.21090,b,l
2026-02-03 16:21:06,769.16000,0.09086,b,l
2026-02-03 16:23:09,767.77000,0.07613,s,l
2026-02-03 16:23:09,767.76000,1.30249,s,l
2026-02-03 16:23:09,767.66000,0.09086,s,l
2026-02-03 16:24:55,766.50000,0.03486,s,l
2026-02-03 16:24:55,766.47000,1.26982,s,l
2026-02-03 16:25:30,766.00000,0.24790,s,l
2026-02-03 16:25:30,766.00000,0.27870,s,l
2026-02-03 16:25:31,766.00000,0.01305,s,l
2026-02-03 16:25:31,766.00000,0.11309,s,l
2026-02-03 16:26:08,766.83000,1.30405,s,l
2026-02-03 16:26:08,766.81000,0.02724,s,l
2026-02-03 16:27:00,767.17000,0.00346,b,l
2026-02-03 16:28:05,767.13000,0.10377,b,m
2026-02-03 16:28:05,767.13000,0.01623,b,m
2026-02-03 16:28:56,765.85000,0.21090,s,m
2026-02-03 16:28:56,765.84000,0.07980,s,m
2026-02-03 16:28:56,765.82000,1.70991,s,m
2026-02-03 16:29:05,765.80000,0.30020,s,l
2026-02-03 16:29:05,765.80000,1.25000,s,l
2026-02-03 16:29:05,765.80000,0.05403,s,l
2026-02-03 16:29:05,765.79000,0.03218,s,l
2026-02-03 16:29:05,765.78000,1.16379,s,l
2026-02-03 16:29:05,765.78000,0.47837,s,l
2026-02-03 16:29:05,765.74000,0.94980,s,l
2026-02-03 16:29:05,765.74000,0.35612,s,l
2026-02-03 16:29:05,765.74000,0.89388,s,l
2026-02-03 16:29:32,765.67000,0.77170,s,l
2026-02-03 16:30:34,764.77000,0.00818,s,l
2026-02-03 16:30:48,764.25000,0.17659,b,l
2026-02-03 16:30:48,764.28000,0.21090,b,l
2026-02-03 16:30:48,764.30000,0.08328,b,l
2026-02-03 16:32:13,765.65000,0.00094,b,l
2026-02-03 16:32:16,765.46000,0.02494,b,l
2026-02-03 16:33:20,763.85000,0.76547,s,l
2026-02-03 16:33:21,763.51000,0.02917,s,l
2026-02-03 16:33:24,763.39000,0.01449,s,l
2026-02-03 16:34:09,764.71000,0.02917,b,l
2026-02-03 16:34:51,764.98000,0.03647,b,l
2026-02-03 16:35:00,764.61000,0.01632,s,l
2026-02-03 16:35:01,764.99000,0.05900,b,m
2026-02-03 16:35:42,764.76000,1.50000,s,l
2026-02-03 16:35:51,764.96000,0.10428,b,l
2026-02-03 16:35:51,764.97000,0.19983,b,l
2026-02-03 16:35:51,764.98000,1.00953,b,l
2026-02-03 16:37:14,765.16000,0.05300,b,m
2026-02-03 16:37:33,765.32000,1.25000,b,l
2026-02-03 16:38:50,765.70000,0.08193,s,l
2026-02-03 16:38:50,765.69000,0.01152,s,l
2026-02-03 16:39:07,765.71000,0.04500,b,m
2026-02-03 16:39:12,765.98000,0.01185,b,l
2026-02-03 16:40:19,765.11000,0.21090,s,m
2026-02-03 16:40:19,765.11000,0.17660,s,m
2026-02-03 16:40:19,765.04000,0.07043,s,m
2026-02-03 16:40:19,765.03000,0.54207,s,m
2026-02-03 16:40:21,765.06000,0.02200,b,m
2026-02-03 16:40:44,765.54000,0.21689,b,m
2026-02-03 16:42:04,766.05000,0.02750,s,l
2026-02-03 16:42:20,765.98000,3.37680,s,l
2026-02-03 16:42:40,766.08000,0.24040,b,l
2026-02-03 16:45:55,763.52000,1.85571,b,l
2026-02-03 16:45:55,763.53000,0.08905,b,l
2026-02-03 16:45:55,763.59000,1.30960,b,l
2026-02-03 16:45:55,763.59000,0.49564,b,l
2026-02-03 16:45:55,763.59000,0.81396,b,l
2026-02-03 16:45:55,763.59000,0.13614,b,l
2026-02-03 16:45:59,763.70000,0.21090,s,l
2026-02-03 16:45:59,763.68000,0.40000,s,l
2026-02-03 16:45:59,763.68000,1.30944,s,l
2026-02-03 16:48:51,764.66000,0.02650,b,l
2026-02-03 16:48:59,764.52000,0.12100,b,m
2026-02-03 16:49:59,763.81000,0.00254,s,l
2026-02-03 16:52:15,763.25000,0.21090,s,m
2026-02-03 16:52:15,763.24000,1.31020,s,m
2026-02-03 16:52:15,763.23000,0.21090,s,m
2026-02-03 16:52:15,763.17000,0.88857,s,m
2026-02-03 16:52:55,763.21000,0.00632,s,l
2026-02-03 16:54:21,763.55000,0.00663,s,l
2026-02-03 16:54:28,763.54000,0.01860,s,m
2026-02-03 16:54:48,763.70000,0.03876,s,l
2026-02-03 16:54:57,763.15000,0.07700,b,m
2026-02-03 16:59:21,763.41000,0.02844,s,l
2026-02-03 16:59:22,763.67000,0.11400,b,m
2026-02-03 16:59:35,763.41000,0.01312,b,l
2026-02-03 17:00:00,763.18000,0.00642,b,l
2026-02-03 17:00:31,763.37000,0.05561,b,m
2026-02-03 17:00:31,763.42000,0.03786,b,m
2026-02-03 17:00:42,763.61000,0.11226,b,m
2026-02-03 17:00:42,763.63000,0.22298,b,m
2026-02-03 17:00:47,763.77000,0.00513,b,l
2026-02-03 17:02:25,764.00000,0.18200,b,m
2026-02-03 17:02:26,763.99000,0.00255,b,l
2026-02-03 17:02:58,763.32000,0.21090,s,m
2026-02-03 17:02:58,763.29000,1.31011,s,m
2026-02-03 17:02:58,763.28000,1.06442,s,m
2026-02-03 17:03:02,763.47000,0.17660,s,l
2026-02-03 17:03:04,763.35000,1.31001,s,l
2026-02-03 17:03:42,763.20000,0.00628,s,l
2026-02-03 17:04:27,763.27000,0.07587,b,l
2026-02-03 17:05:11,762.93000,0.01869,s,l
2026-02-03 17:05:31,762.18000,0.00624,s,l
2026-02-03 17:05:38,762.56000,0.02690,s,l
2026-02-03 17:06:08,762.44000,0.00127,b,l
2026-02-03 17:06:21,762.06000,0.00411,s,l
2026-02-03 17:06:45,761.83000,0.17660,b,l
2026-02-03 17:10:40,760.45000,0.82300,b,m
2026-02-03 17:12:16,759.07000,0.21090,s,m
2026-02-03 17:12:16,759.04000,1.27571,s,m
2026-02-03 17:12:16,759.00000,200.00000,s,m
2026-02-03 17:12:16,758.92000,1.31766,s,m
2026-02-03 17:12:16,758.86000,1.77176,s,m
2026-02-03 17:12:16,758.85000,0.21090,s,m
2026-02-03 17:12:16,758.85000,1.31778,s,m
2026-02-03 17:12:16,758.84000,5.25100,s,m
2026-02-03 17:12:16,758.83000,0.67891,s,m
2026-02-03 17:12:21,758.88000,0.94510,s,l
2026-02-03 17:12:21,758.88000,0.47260,s,l
2026-02-03 17:12:21,758.88000,0.23630,s,l
2026-02-03 17:12:21,758.88000,0.11810,s,l
2026-02-03 17:12:21,758.88000,0.05910,s,l
2026-02-03 17:12:21,758.88000,0.02950,s,l
2026-02-03 17:12:21,758.88000,0.01480,s,l
2026-02-03 17:12:21,758.88000,0.00740,s,l
2026-02-03 17:12:48,758.48000,0.01318,s,l
2026-02-03 17:12:51,758.30000,0.05000,b,l
2026-02-03 17:13:15,757.95000,0.06300,b,l
2026-02-03 17:13:29,758.48000,0.12100,b,m
2026-02-03 17:14:13,757.93000,0.00825,s,l
2026-02-03 17:14:13,757.71000,0.03300,b,m
2026-02-03 17:14:43,758.05000,0.31971,b,l
2026-02-03 17:15:06,758.31000,0.10345,b,m
2026-02-03 17:16:37,758.07000,0.65966,s,l
2026-02-03 17:16:42,758.24000,0.00551,s,l
2026-02-03 17:16:52,757.62000,0.01706,b,l
2026-02-03 17:17:54,756.69000,0.20257,s,m
2026-02-03 17:19:05,758.81000,0.06564,s,l
2026-02-03 17:19:44,758.86000,0.00408,s,l
2026-02-03 17:19:47,759.31000,0.01398,b,l
2026-02-03 17:19:59,758.60000,0.21090,b,m
2026-02-03 17:19:59,758.67000,0.14501,b,m
2026-02-03 17:21:42,758.75000,0.02584,b,l
2026-02-03 17:21:42,758.74000,0.06590,b,m
2026-02-03 17:22:04,760.09000,0.17660,s,l
2026-02-03 17:23:41,761.08000,0.01500,b,l
2026-02-03 17:24:58,760.85000,0.00932,b,l
2026-02-03 17:25:59,762.23000,0.12200,b,m
2026-02-03 17:29:15,760.85000,0.05460,b,l
2026-02-03 17:29:15,760.87000,0.02256,b,l
2026-02-03 17:29:25,761.07000,0.08343,b,l
2026-02-03 17:29:49,761.07000,0.05268,b,l
2026-02-03 17:30:25,759.64000,0.67380,s,l
2026-02-03 17:30:31,759.32000,0.04829,b,l
2026-02-03 17:30:35,759.47000,0.21090,b,l
2026-02-03 17:30:35,759.48000,0.11113,b,l
2026-02-03 17:30:36,759.42000,0.06118,s,l
2026-02-03 17:30:49,759.96000,0.04200,b,m
2026-02-03 17:31:16,759.82000,0.18671,b,l
2026-02-03 17:32:00,760.00000,0.32890,b,l
2026-02-03 17:32:34,760.05000,0.02600,b,m
2026-02-03 17:32:57,759.74000,0.00572,s,l
2026-02-03 17:33:47,759.43000,0.00131,b,l
2026-02-03 17:33:48,759.76000,0.20273,b,m
2026-02-03 17:33:57,760.35000,0.05600,b,m
2026-02-03 17:34:04,760.73000,0.01702,b,m
2026-02-03 17:35:06,759.22000,0.03943,b,m
2026-02-03 17:38:58,757.45000,0.11500,s,l
2026-02-03 17:40:09,756.27000,0.11246,s,l
2026-02-03 17:40:09,756.27000,0.06414,s,l
2026-02-03 17:40:55,756.00000,6.76114,s,l
2026-02-03 17:40:56,756.00000,6.77956,s,l
2026-02-03 17:40:56,756.00000,0.06971,s,l
2026-02-03 17:40:56,756.00000,6.62569,s,l
2026-02-03 17:40:57,756.00000,6.63004,s,l
2026-02-03 17:40:57,756.00000,6.64737,s,l
2026-02-03 17:41:00,756.00000,6.81042,s,l
2026-02-03 17:41:01,756.00000,0.36859,s,l
2026-02-03 17:41:01,756.00000,6.74847,s,l
2026-02-03 17:41:01,756.00000,6.83458,s,l
2026-02-03 17:41:02,756.00000,6.62503,s,l
2026-02-03 17:41:02,756.00000,9.11109,s,l
2026-02-03 17:41:02,756.00000,16.47122,s,l
2026-02-03 17:41:02,756.00000,2.86347,s,l
2026-02-03 17:41:03,756.00000,0.20116,s,l
2026-02-03 17:41:03,756.00000,0.04337,s,l
2026-02-03 17:41:04,756.00000,0.42860,s,l
2026-02-03 17:41:04,756.00000,0.35108,s,l
2026-02-03 17:41:04,756.00000,1.18117,s,l
2026-02-03 17:41:04,756.00000,1.25000,s,l
2026-02-03 17:41:04,756.00000,0.04700,s,l
2026-02-03 17:41:04,756.00000,0.39420,s,l
2026-02-03 17:41:04,756.00000,0.16910,s,l
2026-02-03 17:41:04,756.00000,0.06830,s,l
2026-02-03 17:41:04,756.00000,0.07990,s,l
2026-02-03 17:41:04,756.00000,0.84530,s,l
2026-02-03 17:41:04,756.00000,0.47300,s,l
2026-02-03 17:41:04,756.00000,3.79160,s,l
2026-02-03 17:41:04,756.00000,0.32250,s,l
2026-02-03 17:41:04,756.00000,2.86470,s,l
2026-02-03 17:41:05,756.00000,0.00868,s,l
2026-02-03 17:41:05,756.00000,0.00868,s,l
2026-02-03 17:41:05,756.00000,0.00868,s,l
2026-02-03 17:41:05,756.00000,0.00868,s,l
2026-02-03 17:41:05,756.00000,0.00868,s,l
2026-02-03 17:41:05,756.00000,0.00868,s,l
2026-02-03 17:41:05,756.00000,0.00868,s,l
2026-02-03 17:41:05,756.00000,0.00868,s,l
2026-02-03 17:41:05,756.00000,0.00868,s,l
2026-02-03 17:41:05,756.00000,0.00868,s,l
2026-02-03 17:41:05,756.00000,0.00868,s,l
2026-02-03 17:41:05,756.00000,0.00868,s,l
2026-02-03 17:41:05,756.00000,0.00868,s,l
2026-02-03 17:41:05,756.00000,0.00868,s,l
2026-02-03 17:41:05,756.00000,0.00868,s,l
2026-02-03 17:41:05,756.00000,0.00868,s,l
2026-02-03 17:41:05,756.00000,0.00868,s,l
2026-02-03 17:41:05,756.00000,0.00868,s,l
2026-02-03 17:41:05,756.00000,0.00868,s,l
2026-02-03 17:41:05,756.00000,0.00868,s,l
2026-02-03 17:41:05,756.00000,0.00868,s,l
2026-02-03 17:41:05,756.00000,0.00868,s,l
2026-02-03 17:41:05,756.00000,0.00868,s,l
2026-02-03 17:41:05,756.00000,0.00868,s,l
2026-02-03 17:41:05,756.00000,0.00868,s,l
2026-02-03 17:41:05,756.00000,0.00868,s,l
2026-02-03 17:41:05,756.00000,0.00868,s,l
2026-02-03 17:41:05,756.00000,0.00868,s,l
2026-02-03 17:41:05,756.00000,0.00868,s,l
2026-02-03 17:41:05,756.00000,0.00868,s,l
2026-02-03 17:41:05,756.00000,0.00868,s,l
2026-02-03 17:41:05,756.00000,0.00868,s,l
2026-02-03 17:41:05,756.00000,0.00868,s,l
2026-02-03 17:41:05,756.00000,0.00868,s,l
2026-02-03 17:41:05,756.00000,0.00868,s,l
2026-02-03 17:41:05,756.00000,0.00868,s,l
2026-02-03 17:41:05,756.00000,0.00868,s,l
2026-02-03 17:41:05,756.00000,0.00868,s,l
2026-02-03 17:41:05,756.00000,0.00868,s,l
2026-02-03 17:41:05,756.00000,0.00868,s,l
2026-02-03 17:41:05,756.00000,0.00868,s,l
2026-02-03 17:41:05,756.00000,0.00868,s,l
2026-02-03 17:41:05,756.00000,0.00868,s,l
2026-02-03 17:41:05,756.00000,0.00868,s,l
2026-02-03 17:41:05,756.00000,0.00868,s,l
2026-02-03 17:41:05,756.00000,0.00868,s,l
2026-02-03 17:41:05,756.00000,0.00868,s,l
2026-02-03 17:41:05,756.00000,0.00868,s,l
2026-02-03 17:41:05,756.00000,0.00868,s,l
2026-02-03 17:41:05,756.00000,0.00868,s,l
2026-02-03 17:41:05,756.00000,1.25000,s,l
2026-02-03 17:41:05,756.00000,0.02011,s,l
2026-02-03 17:41:05,756.00000,0.72482,s,l
2026-02-03 17:41:05,756.00000,1.25000,s,l
2026-02-03 17:41:05,756.00000,1.25000,s,l
2026-02-03 17:41:05,756.00000,1.25000,s,l
2026-02-03 17:41:05,756.00000,1.98523,s,l
2026-02-03 17:41:05,756.00000,1.25000,s,l
2026-02-03 17:41:05,756.00000,0.70034,s,l
2026-02-03 17:41:05,756.00000,0.54966,s,l
2026-02-03 17:41:05,756.00000,1.07530,s,l
2026-02-03 17:41:05,756.00000,1.84030,s,l
2026-02-03 17:41:05,756.00000,3.54230,s,l
2026-02-03 17:41:05,756.00000,1.67390,s,l
2026-02-03 17:41:05,756.00000,2.39880,s,l
2026-02-03 17:41:05,756.00000,0.01630,s,l
2026-02-03 17:41:05,756.00000,0.76460,s,l
2026-02-03 17:41:05,756.00000,0.17900,s,l
2026-02-03 17:41:05,756.00000,0.55250,s,l
2026-02-03 17:41:05,756.00000,0.40250,s,l
2026-02-03 17:41:05,756.00000,0.28750,s,l
2026-02-03 17:41:05,756.00000,0.26930,s,l
2026-02-03 17:41:05,756.00000,0.14200,s,l
2026-02-03 17:41:06,756.00000,27.80120,s,l
2026-02-03 17:41:06,756.00000,0.33440,s,l
2026-02-03 17:41:06,756.00000,0.33440,s,l
2026-02-03 17:41:07,756.00000,3.74932,s,l
2026-02-03 17:41:07,756.00000,3.74932,s,l
2026-02-03 17:41:07,756.00000,3.74932,s,l
2026-02-03 17:41:07,756.00000,3.74932,s,l
2026-02-03 17:41:08,756.00000,6.81718,s,l
2026-02-03 17:41:09,756.00000,7.03105,s,l
2026-02-03 17:41:09,756.00000,0.36241,s,l
2026-02-03 17:41:09,756.00000,6.72879,s,l
2026-02-03 17:41:09,756.00000,6.69532,s,l
2026-02-03 17:41:09,756.00000,6.85713,s,l
2026-02-03 17:41:09,756.00000,0.18760,s,l
2026-02-03 17:41:26,755.08000,0.02949,s,l
2026-02-03 17:41:47,754.95000,0.00937,s,l
2026-02-03 17:41:47,755.22000,0.01987,b,m
2026-02-03 17:41:51,755.24000,0.31640,b,l
2026-02-03 17:41:51,755.31000,0.27970,b,l
2026-02-03 17:41:51,755.32000,1.32394,b,l
2026-02-03 17:41:51,755.38000,1.32383,b,l
2026-02-03 17:41:51,755.40000,0.29433,b,l
2026-02-03 17:41:51,755.40000,0.13980,b,l
2026-02-03 17:41:51,755.40000,0.06990,b,l
2026-02-03 17:41:51,755.40000,1.47110,b,l
2026-02-03 17:41:51,755.40000,0.03490,b,l
2026-02-03 17:41:51,755.40000,0.73560,b,l
2026-02-03 17:41:51,755.40000,0.01740,b,l
2026-02-03 17:41:51,755.40000,0.00870,b,l
2026-02-03 17:41:51,755.40000,0.36780,b,l
2026-02-03 17:41:51,755.40000,0.18390,b,l
2026-02-03 17:41:51,755.40000,0.00440,b,l
2026-02-03 17:41:51,755.40000,0.09190,b,l
2026-02-03 17:41:51,755.40000,0.04820,b,l
2026-02-03 17:41:51,755.40000,0.02410,b,l
2026-02-03 17:41:51,755.40000,0.01200,b,l
2026-02-03 17:41:51,755.40000,0.00600,b,l
2026-02-03 17:41:55,755.11000,2.52480,s,l
2026-02-03 17:41:58,754.72000,0.00131,b,l
2026-02-03 17:42:14,754.57000,0.00549,b,l
2026-02-03 17:42:29,754.76000,0.04600,b,m
2026-02-03 17:43:11,753.67000,0.12329,s,l
2026-02-03 17:43:15,754.08000,0.13060,b,l
2026-02-03 17:43:15,754.11000,0.12575,b,l
2026-02-03 17:43:15,754.13000,1.32603,b,l
2026-02-03 17:43:15,754.16000,0.21090,b,l
2026-02-03 17:43:15,754.18000,0.00502,b,l
2026-02-03 17:43:47,753.67000,0.00334,s,l
2026-02-03 17:44:19,753.14000,0.21090,s,m
2026-02-03 17:44:19,753.13000,1.77176,s,m
2026-02-03 17:44:19,753.12000,0.01734,s,m
2026-02-03 17:44:38,753.43000,1.32726,s,m
2026-02-03 17:44:38,753.35000,0.21090,s,m
2026-02-03 17:44:38,753.32000,0.46184,s,m
2026-02-03 17:44:41,753.75000,0.21090,b,m
2026-02-03 17:44:41,753.76000,0.09010,b,m
2026-02-03 17:44:59,753.14000,0.21090,s,m
2026-02-03 17:44:59,753.08000,1.32787,s,m
2026-02-03 17:44:59,753.04000,0.21090,s,m
2026-02-03 17:44:59,752.96000,0.17660,s,m
2026-02-03 17:44:59,752.95000,0.07373,s,m
2026-02-03 17:45:19,753.16000,2.00000,s,m
2026-02-03 17:45:55,752.75000,2.00000,s,m
2026-02-03 17:45:55,753.08000,0.00181,b,l
2026-02-03 17:46:07,752.87000,0.40000,s,m
2026-02-03 17:46:07,752.86000,1.32826,s,m
2026-02-03 17:46:07,752.85000,0.27174,s,m
2026-02-03 17:46:28,752.48000,0.21090,s,m
2026-02-03 17:46:28,752.45000,1.32898,s,m
2026-02-03 17:46:28,752.45000,0.10518,s,m
2026-02-03 17:46:28,752.40000,0.21090,s,m
2026-02-03 17:46:28,752.37000,1.23114,s,m
2026-02-03 17:47:48,753.42000,0.00516,s,l
2026-02-03 17:47:52,753.53000,0.02205,b,l
2026-02-03 17:47:52,753.41000,0.17601,b,l
2026-02-03 17:47:56,752.82000,0.23901,s,l
2026-02-03 17:48:23,753.20000,0.00400,b,l
2026-02-03 17:48:29,752.70000,0.00400,s,l
2026-02-03 17:48:40,752.68000,0.02800,b,m
2026-02-03 17:48:44,752.86000,0.02480,b,l
2026-02-03 17:48:44,752.86000,0.14190,b,l
2026-02-03 17:49:11,752.36000,0.23861,s,l
2026-02-03 17:49:23,752.36000,0.20743,s,l
2026-02-03 17:49:30,752.36000,0.19819,s,l
2026-02-03 17:50:17,753.11000,0.12200,b,m
2026-02-03 17:50:28,753.17000,0.00409,b,l
2026-02-03 17:51:37,755.15000,0.02618,s,l
2026-02-03 17:51:57,754.28000,1.25000,s,l
2026-02-03 17:51:57,754.28000,0.52176,s,l
2026-02-03 17:51:57,754.27000,0.06124,s,l
2026-02-03 17:51:57,754.24000,0.17660,s,l
2026-02-03 17:52:31,752.81000,0.01412,b,l
2026-02-03 17:52:32,752.78000,0.90601,b,m
2026-02-03 17:52:32,752.78000,0.21090,b,m
2026-02-03 17:52:32,752.78000,0.74769,b,m
2026-02-03 17:53:29,752.14000,0.01554,s,m
2026-02-03 17:54:04,752.61000,0.00798,b,l
2026-02-03 17:55:06,752.10000,0.01471,s,l
2026-02-03 17:55:06,751.61000,0.06652,s,l
2026-02-03 17:55:26,751.15000,0.00781,s,l
2026-02-03 17:55:57,751.17000,0.02470,b,l
2026-02-03 17:56:54,751.66000,0.08438,b,m
2026-02-03 17:57:05,751.86000,0.15190,b,m
2026-02-03 17:57:05,751.90000,0.03179,b,m
2026-02-03 17:57:26,751.62000,0.00258,b,l
2026-02-03 17:57:43,751.46000,0.02700,b,m
2026-02-03 17:57:57,751.15000,0.00052,s,l
2026-02-03 17:59:13,750.59000,0.02865,s,m
2026-02-03 17:59:13,750.59000,0.01595,s,m
2026-02-03 17:59:29,750.99000,0.00260,b,l
2026-02-03 18:00:24,750.68000,0.05800,b,m
2026-02-03 18:00:55,751.27000,1.33108,b,l
2026-02-03 18:00:55,751.38000,5.32342,b,l
2026-02-03 18:00:55,751.21000,0.80767,b,l
2026-02-03 18:00:57,751.91000,0.21090,b,l
2026-02-03 18:00:57,751.98000,0.90601,b,l
2026-02-03 18:00:57,751.99000,0.21090,b,l
2026-02-03 18:01:00,751.99000,0.00658,b,l
2026-02-03 18:01:27,751.46000,0.00136,s,l
2026-02-03 18:02:31,750.00000,0.13333,s,l
2026-02-03 18:02:31,750.00000,1.00000,s,l
2026-02-03 18:02:31,750.00000,0.04000,s,l
2026-02-03 18:02:31,750.00000,0.66666,s,l
2026-02-03 18:02:31,750.00000,5.14806,s,l
2026-02-03 18:02:31,750.00000,1.51860,s,l
2026-02-03 18:02:31,750.00000,0.40000,s,l
2026-02-03 18:05:47,750.45000,0.06550,s,l
2026-02-03 18:05:53,750.68000,0.00391,b,l
2026-02-03 18:06:51,751.92000,0.00319,b,l
2026-02-03 18:07:06,751.25000,0.06267,s,l
2026-02-03 18:08:06,749.93000,0.00659,s,l
2026-02-03 18:09:09,750.65000,0.09872,s,l
2026-02-03 18:09:19,749.92000,0.01005,s,l
2026-02-03 18:10:48,749.66000,0.01305,b,l
2026-02-03 18:11:18,748.65000,0.21090,s,l
2026-02-03 18:11:18,748.62000,1.33577,s,l
2026-02-03 18:11:18,748.53000,0.20490,s,l
2026-02-03 18:11:39,749.15000,0.01312,b,l
2026-02-03 18:12:42,747.74000,0.00800,s,l
2026-02-03 18:13:29,747.98000,0.00806,b,l
2026-02-03 18:15:42,746.23000,0.16217,s,m
2026-02-03 18:16:29,747.31000,0.00837,b,l
2026-02-03 18:17:58,745.38000,0.21090,s,l
2026-02-03 18:17:58,745.32000,1.34169,s,l
2026-02-03 18:17:58,745.26000,1.34180,s,l
2026-02-03 18:17:58,745.25000,0.21090,s,l
2026-02-03 18:17:58,745.20000,0.17660,s,l
2026-02-03 18:17:58,745.19000,1.97282,s,l
2026-02-03 18:18:04,746.90000,0.17660,b,l
2026-02-03 18:18:04,746.90000,0.21090,b,l
2026-02-03 18:18:04,746.98000,1.33872,b,l
2026-02-03 18:18:04,746.98000,0.21090,b,l
2026-02-03 18:18:04,746.98000,0.07039,b,l
2026-02-03 18:18:18,746.52000,0.17660,s,l
2026-02-03 18:18:29,745.47000,0.90601,s,l
2026-02-03 18:18:29,745.47000,0.21090,s,l
2026-02-03 18:18:29,745.47000,1.77176,s,l
2026-02-03 18:18:29,745.46000,0.36170,s,l
2026-02-03 18:19:10,745.64000,0.07284,s,l
2026-02-03 18:19:10,745.64000,0.34743,s,l
2026-02-03 18:19:19,745.00000,0.04068,s,l
2026-02-03 18:19:20,745.00000,0.49623,s,l
2026-02-03 18:19:20,745.00000,0.06705,s,l
2026-02-03 18:19:22,745.00000,0.03943,s,l
2026-02-03 18:19:33,744.42000,0.00840,s,l
2026-02-03 18:19:51,745.04000,0.01600,s,l
2026-02-03 18:20:02,746.94000,0.17660,b,l
2026-02-03 18:20:12,746.69000,0.08851,s,l
2026-02-03 18:20:12,746.68000,1.16149,s,l
2026-02-03 18:20:12,746.68000,0.17777,s,l
2026-02-03 18:20:12,746.64000,1.07223,s,l
2026-02-03 18:20:13,746.34000,0.06562,s,l
2026-02-03 18:20:15,746.09000,0.06800,b,m
2026-02-03 18:20:31,744.73000,0.01152,s,m
2026-02-03 18:20:41,744.79000,0.04780,s,l
2026-02-03 18:21:38,743.12000,0.16984,s,l
2026-02-03 18:21:44,742.41000,0.00676,s,l
2026-02-03 18:21:44,742.36000,0.20414,s,l
2026-02-03 18:21:44,742.36000,0.00676,s,l
2026-02-03 18:21:45,741.99000,0.21090,s,l
2026-02-03 18:21:45,741.99000,0.08450,s,l
2026-02-03 18:21:45,741.99000,0.21090,s,l
2026-02-03 18:22:10,744.01000,0.01303,b,l
2026-02-03 18:22:17,744.35000,1.25000,b,l
2026-02-03 18:22:17,744.35000,0.09345,b,l
2026-02-03 18:22:17,744.35000,0.96665,b,l
2026-02-03 18:22:17,744.35000,0.37680,b,l
2026-02-03 18:24:12,742.74000,0.17659,b,l
2026-02-03 18:25:23,741.35000,0.07270,s,l
2026-02-03 18:25:23,740.97000,0.01493,s,l
2026-02-03 18:25:24,740.97000,0.08795,s,l
2026-02-03 18:25:27,740.26000,0.01544,s,l
2026-02-03 18:26:02,740.23000,0.00772,s,l
2026-02-03 18:26:37,741.63000,0.40000,b,l
2026-02-03 18:26:37,741.65000,0.40000,b,l
2026-02-03 18:26:37,741.72000,1.34820,b,l
2026-02-03 18:26:40,742.10000,0.01237,b,l
2026-02-03 18:27:32,741.35000,0.00459,b,l
2026-02-03 18:27:48,741.39000,0.01540,b,l
2026-02-03 18:28:00,742.56000,0.00181,b,l
2026-02-03 18:29:20,742.15000,0.21090,b,m
2026-02-03 18:29:20,742.16000,1.01610,b,m
2026-02-03 18:29:34,742.45000,0.00458,b,l
2026-02-03 18:31:06,744.12000,0.10876,b,m
2026-02-03 18:32:04,742.97000,0.10092,b,m
2026-02-03 18:32:07,742.95000,0.00408,b,l
2026-02-03 18:33:13,742.17000,0.21090,s,l
2026-02-03 18:33:13,742.17000,1.77176,s,l
2026-02-03 18:33:13,742.15000,0.40000,s,l
2026-02-03 18:33:13,742.14000,0.40000,s,l
2026-02-03 18:33:13,742.12000,0.17656,s,l
2026-02-03 18:33:13,742.11000,0.40000,s,l
2026-02-03 18:33:13,742.09000,1.34754,s,l
2026-02-03 18:33:13,742.09000,0.40000,s,l
2026-02-03 18:33:13,742.09000,1.34754,s,l
2026-02-03 18:33:13,742.09000,0.21090,s,l
2026-02-03 18:33:13,742.08000,0.40000,s,l
2026-02-03 18:33:13,742.06000,7.96987,s,l
2026-02-03 18:33:13,742.06000,0.40000,s,l
2026-02-03 18:33:13,742.04000,0.40000,s,l
2026-02-03 18:33:28,742.60000,0.01868,b,l
2026-02-03 18:34:03,744.00000,0.15790,b,l
2026-02-03 18:34:04,744.35000,0.10140,b,l
2026-02-03 18:34:05,744.08000,0.06183,s,l
2026-02-03 18:34:23,744.22000,0.00590,b,l
2026-02-03 18:34:56,744.22000,0.05005,b,l
2026-02-03 18:35:14,744.63000,0.00590,b,m
2026-02-03 18:35:14,744.80000,0.01710,b,m
2026-02-03 18:35:20,744.27000,0.00500,s,l
2026-02-03 18:35:35,744.26000,0.31164,s,l
2026-02-03 18:35:35,744.26000,1.94976,s,l
2026-02-03 18:35:35,744.26000,1.23987,s,l
2026-02-03 18:35:52,744.10000,0.02018,b,l
2026-02-03 18:35:55,743.73000,0.21090,b,l
2026-02-03 18:35:55,743.73000,0.04959,b,l
2026-02-03 18:36:09,743.75000,0.00958,b,m
2026-02-03 18:36:17,743.89000,0.00709,b,l
2026-02-03 18:36:34,743.79000,0.06476,b,l
2026-02-03 18:36:37,743.46000,0.34065,s,l
2026-02-03 18:36:38,743.45000,0.26901,s,l
2026-02-03 18:37:30,742.22000,0.02867,b,l
2026-02-03 18:38:20,742.31000,0.40919,s,l
2026-02-03 18:39:17,743.53000,0.02600,b,m
2026-02-03 18:40:13,744.82000,0.01481,b,l
2026-02-03 18:40:41,744.54000,0.32890,s,l
2026-02-03 18:40:41,744.54000,0.42200,s,l
2026-02-03 18:40:41,744.54000,0.21090,s,l
2026-02-03 18:40:41,744.54000,0.38131,s,l
2026-02-03 18:40:42,744.55000,0.28544,s,l
2026-02-03 18:40:42,744.30000,0.13540,s,l
2026-02-03 18:40:44,743.23000,0.09490,s,l
2026-02-03 18:41:40,743.56000,0.01744,b,l
2026-02-03 18:42:22,742.87000,0.29029,s,l
2026-02-03 18:42:53,741.46000,0.56193,s,l
2026-02-03 18:43:32,740.65000,0.04119,s,l
2026-02-03 18:43:32,740.61000,0.14634,s,l
2026-02-03 18:44:08,741.31000,0.01689,b,m
2026-02-03 18:44:33,741.52000,0.06328,s,l
2026-02-03 18:44:42,741.49000,0.02746,s,l
2026-02-03 18:44:42,741.48000,0.03183,s,l
2026-02-03 18:45:15,741.21000,0.09367,s,l
2026-02-03 18:45:22,741.20000,0.23005,s,l
2026-02-03 18:45:31,740.83000,0.15971,b,l
2026-02-03 18:45:31,740.83000,0.51487,b,l
2026-02-03 18:46:11,740.00000,0.24118,s,l
2026-02-03 18:46:11,740.00000,0.24118,s,l
2026-02-03 18:46:11,740.00000,0.51764,s,l
2026-02-03 18:46:38,739.51000,0.08113,s,l
2026-02-03 18:46:40,739.42000,0.15323,s,l
2026-02-03 18:46:42,739.43000,0.25757,b,m
2026-02-03 18:46:57,738.29000,0.17660,s,l
2026-02-03 18:46:58,738.48000,0.02031,b,m
2026-02-03 18:47:11,738.75000,0.13598,b,l
2026-02-03 18:47:11,738.75000,0.21090,b,l
2026-02-03 18:47:11,738.77000,0.29452,b,l
2026-02-03 18:47:19,739.23000,0.02031,b,l
2026-02-03 18:47:21,739.99000,3.63100,b,l
2026-02-03 18:47:21,739.99000,1.08320,b,l
2026-02-03 18:47:22,740.46000,0.21090,b,l
2026-02-03 18:47:22,740.47000,0.40000,b,l
2026-02-03 18:47:22,740.54000,0.21090,b,l
2026-02-03 18:47:22,740.57000,1.20348,b,l
2026-02-03 18:47:28,740.72000,0.18763,s,l
2026-02-03 18:47:51,740.77000,0.21090,s,l
2026-02-03 18:47:51,740.73000,0.99910,s,l
2026-02-03 18:48:09,739.58000,0.03274,b,l
2026-02-03 18:48:53,738.83000,0.00430,b,m
2026-02-03 18:49:40,738.87000,0.31400,b,m
2026-02-03 18:50:00,738.34000,0.16276,b,l
2026-02-03 18:50:09,737.76000,0.00848,s,l
2026-02-03 18:51:06,737.71000,0.64300,b,m
2026-02-03 18:51:41,737.44000,0.04900,b,m
2026-02-03 18:52:09,738.25000,0.03600,b,m
2026-02-03 18:52:42,738.09000,0.08938,b,l
2026-02-03 18:53:12,737.71000,0.13435,b,m
2026-02-03 18:55:09,738.21000,0.21090,s,l
2026-02-03 18:55:09,738.14000,0.36151,s,l
2026-02-03 18:55:14,738.34000,0.90423,s,m
2026-02-03 18:55:19,738.94000,0.01635,b,l
2026-02-03 18:55:29,740.02000,1.00000,b,m
2026-02-03 18:56:20,739.49000,0.21090,b,m
2026-02-03 18:56:20,739.56000,0.17310,b,m
2026-02-03 18:56:44,739.23000,0.52200,s,l
2026-02-03 18:57:00,739.07000,0.90601,b,l
2026-02-03 18:57:00,739.10000,0.04410,b,l
2026-02-03 18:57:00,739.10000,1.30889,b,l
2026-02-03 18:57:00,739.10000,1.35299,b,l
2026-02-03 18:57:00,739.10000,0.13802,b,l
2026-02-03 18:57:00,739.10000,6.62696,b,l
2026-02-03 18:57:33,737.20000,0.21090,s,l
2026-02-03 18:57:33,737.19000,0.07702,s,l
2026-02-03 18:57:33,737.19000,0.04317,s,l
2026-02-03 18:57:39,735.68000,0.20273,s,m
2026-02-03 18:57:57,736.24000,0.01799,b,l
2026-02-03 18:58:30,737.44000,0.03625,s,l
2026-02-03 18:58:30,737.43000,0.13376,s,l
2026-02-03 18:59:24,737.54000,0.15467,s,l
2026-02-03 19:00:10,736.95000,0.15203,b,m
2026-02-03 19:00:18,737.06000,0.01794,b,m
2026-02-03 19:00:52,738.06000,0.00262,b,l
2026-02-03 19:00:53,737.87000,5.40500,s,l
2026-02-03 19:00:53,737.86000,2.17600,s,l
2026-02-03 19:01:30,736.94000,0.27130,s,l
2026-02-03 19:02:06,735.52000,1.35958,s,l
2026-02-03 19:02:06,735.52000,1.35958,s,l
2026-02-03 19:02:06,735.52000,0.21090,s,l
2026-02-03 19:02:06,735.52000,0.50000,s,l
2026-02-03 19:02:06,735.51000,1.77176,s,l
2026-02-03 19:02:06,735.51000,0.50000,s,l
2026-02-03 19:02:06,735.50000,0.81818,s,l
2026-02-03 19:03:56,738.33000,0.07700,b,m
2026-02-03 19:05:19,737.76000,0.21090,b,m
2026-02-03 19:05:19,737.83000,0.10410,b,m
2026-02-03 19:05:22,737.61000,0.53417,s,l
2026-02-03 19:06:18,740.61000,0.17660,s,l
2026-02-03 19:06:33,740.78000,0.01320,b,l
2026-02-03 19:06:44,740.69000,0.00659,b,l
2026-02-03 19:07:06,741.47000,0.10916,b,m
2026-02-03 19:07:07,741.34000,1.15750,b,l
2026-02-03 19:07:53,740.62000,0.07657,b,l
2026-02-03 19:07:55,740.57000,0.36458,b,m
2026-02-03 19:08:03,741.35000,0.50000,b,l
2026-02-03 19:08:03,741.36000,0.50000,b,l
2026-02-03 19:08:56,741.49000,0.03038,b,l
2026-02-03 19:09:27,742.82000,0.21090,b,m
2026-02-03 19:09:27,742.88000,1.01510,b,m
2026-02-03 19:09:35,742.44000,0.16680,b,l
2026-02-03 19:09:35,742.44000,1.18011,b,l
2026-02-03 19:09:37,743.05000,0.00673,b,m
2026-02-03 19:10:05,743.79000,0.79130,b,l
2026-02-03 19:10:05,743.79000,0.48441,b,l
2026-02-03 19:10:05,743.93000,0.06849,b,l
2026-02-03 19:10:11,743.94000,0.00238,b,l
2026-02-03 19:11:20,744.65000,1.25000,b,l
2026-02-03 19:11:22,745.19000,1.18117,b,l
2026-02-03 19:11:50,746.86000,1.22570,b,l
2026-02-03 19:11:50,746.86000,0.11323,b,l
2026-02-03 19:11:50,746.86000,1.33893,b,l
2026-02-03 19:11:50,746.86000,1.41064,b,l
2026-02-03 19:11:50,746.86000,0.93360,b,l
2026-02-03 19:11:50,746.86000,0.19620,b,l
2026-02-03 19:11:50,746.95000,1.11210,b,l
2026-02-03 19:11:50,746.95000,0.29700,b,l
2026-02-03 19:11:50,746.95000,1.18117,b,l
2026-02-03 19:12:30,747.82000,0.21090,b,m
2026-02-03 19:12:30,747.89000,0.62971,b,m
2026-02-03 19:12:43,747.73000,0.13463,s,l
2026-02-03 19:12:50,748.42000,0.21090,b,l
2026-02-03 19:12:50,748.43000,1.33613,b,l
2026-02-03 19:12:50,748.43000,1.33613,b,l
2026-02-03 19:12:50,748.43000,3.60426,b,l
2026-02-03 19:12:52,748.43000,0.03150,b,l
2026-02-03 19:12:52,748.43000,0.33620,b,l
2026-02-03 19:13:18,748.32000,0.20044,b,l
2026-02-03 19:13:25,749.08000,0.00764,b,l
2026-02-03 19:13:35,749.56000,0.00846,b,l
2026-02-03 19:13:51,749.30000,0.20107,s,l
2026-02-03 19:15:06,748.18000,1.30400,s,l
2026-02-03 19:15:08,748.20000,0.01433,s,l
2026-02-03 19:15:10,748.97000,0.06674,b,l
2026-02-03 19:15:14,748.41000,0.21090,b,l
2026-02-03 19:15:17,748.23000,0.05720,s,l
2026-02-03 19:15:34,748.85000,0.04002,s,m
2026-02-03 19:16:52,747.98000,0.21090,b,l
2026-02-03 19:16:52,748.01000,1.33688,b,l
2026-02-03 19:16:52,748.01000,1.33688,b,l
2026-02-03 19:16:52,748.05000,0.50000,b,l
2026-02-03 19:16:52,748.06000,0.50000,b,l
2026-02-03 19:16:52,748.06000,0.05217,b,l
2026-02-03 19:18:48,750.07000,0.05143,s,l
2026-02-03 19:19:02,750.70000,0.53212,b,m
2026-02-03 19:19:16,751.54000,0.12856,b,l
2026-02-03 19:20:12,752.50000,0.06690,b,l
2026-02-03 19:20:28,753.52000,1.25000,b,l
2026-02-03 19:21:11,753.09000,0.03412,s,l
2026-02-03 19:25:11,749.84000,0.07500,b,m
2026-02-03 19:25:13,749.74000,0.02600,b,m
2026-02-03 19:25:19,749.19000,0.67458,s,l
2026-02-03 19:27:11,749.95000,0.11200,b,m
2026-02-03 19:27:32,750.12000,0.03496,s,l
2026-02-03 19:29:53,752.66000,0.02600,b,m
2026-02-03 19:29:54,752.66000,0.51190,b,l
2026-02-03 19:29:54,752.66000,0.45500,b,l
2026-02-03 19:30:43,753.21000,0.02549,s,l
2026-02-03 19:31:16,753.65000,0.09385,b,l
2026-02-03 19:31:36,753.69000,1.18930,b,l
2026-02-03 19:32:20,755.63000,0.21090,b,l
2026-02-03 19:32:20,755.63000,0.21090,b,l
2026-02-03 19:32:20,755.63000,0.90159,b,l
2026-02-03 19:32:20,755.63000,0.34841,b,l
2026-02-03 19:32:20,755.63000,0.66660,b,l
2026-02-03 19:32:21,755.63000,0.30838,b,l
2026-02-03 19:32:21,755.64000,0.01491,b,l
2026-02-03 19:32:21,755.75000,0.17880,b,l
2026-02-03 19:32:21,755.75000,0.66668,b,l
2026-02-03 19:32:21,755.97000,0.10695,b,l
2026-02-03 19:32:23,756.33000,0.00839,b,l
2026-02-03 19:33:03,756.07000,0.01208,b,l
2026-02-03 19:33:12,757.14000,0.06530,b,l
2026-02-03 19:35:03,756.50000,0.01000,b,l
2026-02-03 19:36:07,757.20000,0.29017,b,m
2026-02-03 19:38:05,756.29000,0.04563,b,m
2026-02-03 19:40:13,755.09000,1.94656,s,m
2026-02-03 19:40:26,755.42000,0.21090,b,m
2026-02-03 19:40:26,755.44000,0.21090,b,m
2026-02-03 19:40:26,755.44000,0.18720,b,m
2026-02-03 19:40:34,754.85000,0.07233,s,m
2026-02-03 19:41:55,758.07000,0.04084,b,l
2026-02-03 19:44:50,755.94000,1.77176,s,l
2026-02-03 19:44:50,755.93000,0.38668,s,l
2026-02-03 19:44:50,756.16000,0.90960,b,l
2026-02-03 19:45:23,756.00000,0.01776,s,l
2026-02-03 19:45:49,755.72000,0.03075,b,l
2026-02-03 19:46:01,754.91000,0.07500,s,l
2026-02-03 19:47:22,754.19000,0.03233,b,l
2026-02-03 19:50:36,755.37000,1.25000,b,l
2026-02-03 19:50:36,755.37000,0.07385,b,l
2026-02-03 19:50:36,755.37000,1.17615,b,l
2026-02-03 19:50:36,755.37000,0.14770,b,l
2026-02-03 19:50:36,755.36000,0.10690,b,l
2026-02-03 19:51:33,755.48000,0.08100,b,l
2026-02-03 19:51:43,755.90000,0.01834,b,l
2026-02-03 19:52:49,754.88000,0.02200,b,m
2026-02-03 19:53:00,754.57000,0.02670,s,l
2026-02-03 19:53:00,754.57000,0.63590,s,l
2026-02-03 19:53:11,754.20000,0.13470,b,l
2026-02-03 19:53:11,754.20000,0.84680,b,l
2026-02-03 19:53:11,754.24000,0.09640,b,l
2026-02-03 19:53:13,754.92000,0.17660,b,l
2026-02-03 19:53:33,755.46000,0.03400,b,m
2026-02-03 19:56:46,758.33000,0.09600,b,m
2026-02-03 19:56:57,758.12000,0.01748,b,l
2026-02-03 19:57:49,758.68000,0.02300,b,m
2026-02-03 19:59:07,757.69000,0.01952,b,m
2026-02-03 20:00:00,757.04000,0.00131,b,l
2026-02-03 20:00:51,756.73000,0.06030,b,l
2026-02-03 20:00:51,756.73000,0.02430,b,l
2026-02-03 20:00:55,756.73000,0.02591,b,l
2026-02-03 20:01:02,756.73000,0.01320,b,l
2026-02-03 20:01:02,756.73000,0.01320,b,l
2026-02-03 20:01:03,756.73000,1.18117,b,l
2026-02-03 20:01:04,756.73000,0.85492,b,l
2026-02-03 20:07:49,753.26000,0.01991,b,m
2026-02-03 20:08:43,752.57000,0.10741,s,l
2026-02-03 20:08:43,752.56000,0.21090,s,l
2026-02-03 20:08:43,752.54000,0.56296,s,l
2026-02-03 20:09:55,753.16000,0.08332,b,l
2026-02-03 20:10:13,753.02000,0.00176,b,l
2026-02-03 20:14:15,752.49000,0.10270,s,l
2026-02-03 20:14:52,752.03000,0.96936,b,l
2026-02-03 20:15:49,751.59000,0.03316,b,l
2026-02-03 20:16:04,751.41000,0.33223,s,l
2026-02-03 20:16:06,751.45000,0.04622,s,l
2026-02-03 20:16:18,751.97000,0.01271,s,l
2026-02-03 20:16:47,751.79000,0.00216,s,l
2026-02-03 20:16:51,751.89000,0.16451,b,l
2026-02-03 20:17:04,752.73000,0.05578,b,m
2026-02-03 20:17:04,753.12000,0.13922,b,m
2026-02-03 20:18:10,753.69000,0.08332,s,l
2026-02-03 20:18:40,754.48000,0.70010,b,l
2026-02-03 20:18:40,754.48000,0.35736,b,l
2026-02-03 20:18:40,754.50000,0.29304,b,l
2026-02-03 20:18:40,754.81000,0.04620,b,l
2026-02-03 20:18:42,755.94000,0.00637,b,l
2026-02-03 20:23:23,757.05000,1.32090,b,l
2026-02-03 20:23:23,757.35000,2.04931,b,l
2026-02-03 20:23:36,758.50000,0.01460,b,l
2026-02-03 20:23:36,758.50000,0.25160,b,l
2026-02-03 20:23:36,758.50000,1.05219,b,l
2026-02-03 20:23:50,758.78000,1.97682,s,l
2026-02-03 20:23:52,758.78000,6.76628,s,l
2026-02-03 20:23:52,758.78000,6.73741,s,l
2026-02-03 20:23:53,758.78000,6.62136,s,l
2026-02-03 20:23:53,758.78000,6.68994,s,l
2026-02-03 20:23:53,758.78000,6.63705,s,l
2026-02-03 20:23:54,758.78000,0.00716,s,l
2026-02-03 20:23:54,758.78000,1.97753,s,l
2026-02-03 20:23:54,758.78000,3.53724,s,l
2026-02-03 20:23:54,758.78000,0.12862,s,l
2026-02-03 20:23:55,758.79000,0.12200,b,m
2026-02-03 20:23:55,758.78000,0.70745,s,l
2026-02-03 20:23:56,758.78000,2.24861,s,l
2026-02-03 20:23:56,758.78000,2.24861,s,l
2026-02-03 20:23:56,758.78000,2.24861,s,l
2026-02-03 20:23:57,758.78000,2.24861,s,l
2026-02-03 20:23:57,758.78000,2.24861,s,l
2026-02-03 20:23:57,758.78000,2.24861,s,l
2026-02-03 20:23:57,758.78000,2.24861,s,l
2026-02-03 20:23:57,758.78000,2.24861,s,l
2026-02-03 20:23:57,758.78000,2.24861,s,l
2026-02-03 20:23:58,758.78000,2.24861,s,l
2026-02-03 20:23:58,758.78000,2.24861,s,l
2026-02-03 20:23:58,758.78000,2.24861,s,l
2026-02-03 20:23:58,758.78000,2.24861,s,l
2026-02-03 20:23:58,758.78000,2.24861,s,l
2026-02-03 20:24:40,759.23000,0.62400,b,l
2026-02-03 20:24:56,759.17000,0.09231,s,l
2026-02-03 20:26:09,760.61000,0.03412,b,l
2026-02-03 20:26:37,761.43000,0.04002,b,l
2026-02-03 20:27:19,761.49000,0.01280,b,l
2026-02-03 20:27:24,762.40000,0.27000,b,l
2026-02-03 20:27:38,763.12000,0.30890,b,l
2026-02-03 20:27:38,763.12000,0.97388,b,l
2026-02-03 20:27:38,763.16000,0.00831,b,l
2026-02-03 20:27:42,764.45000,0.14162,b,l
2026-02-03 20:27:42,764.45000,0.06928,b,l
2026-02-03 20:27:42,764.53000,0.21090,b,l
2026-02-03 20:27:42,764.58000,0.03144,b,l
2026-02-03 20:27:42,764.58000,0.01162,b,l
2026-02-03 20:27:42,764.58000,0.05163,b,l
2026-02-03 20:28:01,763.23000,0.35000,s,l
2026-02-03 20:28:01,763.23000,0.23940,s,l
2026-02-03 20:28:05,763.31000,0.01916,b,l
2026-02-03 20:28:23,763.08000,0.21090,b,m
2026-02-03 20:28:23,763.15000,1.31035,b,m
2026-02-03 20:28:23,763.15000,1.31035,b,m
2026-02-03 20:28:23,763.15000,0.07810,b,m
2026-02-03 20:29:26,762.80000,0.02458,b,l
2026-02-03 20:29:36,762.94000,0.59310,b,l
2026-02-03 20:29:58,762.30000,0.14011,s,l
2026-02-03 20:30:03,762.80000,0.21090,b,m
2026-02-03 20:30:03,762.81000,1.31094,b,m
2026-02-03 20:30:03,762.81000,1.31094,b,m
2026-02-03 20:30:03,762.82000,0.77814,b,m
2026-02-03 20:30:03,762.90000,0.21090,b,m
2026-02-03 20:30:03,762.99000,4.22293,b,m
2026-02-03 20:30:09,762.69000,1.25000,s,l
2026-02-03 20:30:09,762.69000,0.16860,s,l
2026-02-03 20:30:09,762.69000,1.25000,s,l
2026-02-03 20:30:09,762.69000,1.25000,s,l
2026-02-03 20:30:09,762.69000,1.25000,s,l
2026-02-03 20:30:09,762.69000,1.15190,s,l
2026-02-03 20:30:19,762.59000,0.21090,b,m
2026-02-03 20:30:19,762.61000,0.18249,b,m
2026-02-03 20:30:31,763.00000,0.78820,b,l
2026-02-03 20:30:31,763.00000,1.15197,b,l
2026-02-03 20:30:31,763.02000,0.09803,b,l
2026-02-03 20:30:38,764.91000,0.25840,b,l
2026-02-03 20:30:38,765.79000,0.02000,b,l
2026-02-03 20:30:38,765.79000,0.03000,b,l
2026-02-03 20:30:39,765.95000,0.21090,b,l
2026-02-03 20:30:47,764.96000,0.36370,b,l
2026-02-03 20:30:47,764.96000,0.13630,b,l
2026-02-03 20:31:03,765.16000,1.25000,b,l
2026-02-03 20:31:09,765.96000,1.25000,b,l
2026-02-03 20:31:09,765.96000,0.05555,b,l
2026-02-03 20:31:09,765.96000,1.19445,b,l
2026-02-03 20:31:09,765.96000,0.11110,b,l
2026-02-03 20:31:09,765.96000,0.09980,b,l
2026-02-03 20:31:09,765.96000,1.25000,b,l
2026-02-03 20:31:09,765.96000,1.25000,b,l
2026-02-03 20:31:09,766.21000,0.07000,b,l
2026-02-03 20:31:09,766.21000,0.07000,b,l
2026-02-03 20:31:09,766.21000,0.62547,b,l
2026-02-03 20:31:13,766.87000,0.12390,b,l
2026-02-03 20:31:13,766.99000,0.01460,b,l
2026-02-03 20:31:13,767.46000,0.04937,b,l
2026-02-03 20:31:14,767.40000,0.08540,b,l
2026-02-03 20:31:18,767.40000,0.02600,b,l
2026-02-03 20:31:18,767.40000,0.11580,b,l
2026-02-03 20:31:18,767.40000,0.26250,b,l
2026-02-03 20:31:18,767.40000,0.09940,b,l
2026-02-03 20:31:18,767.40000,0.11590,b,l
2026-02-03 20:31:18,767.40000,0.68350,b,l
2026-02-03 20:31:18,767.40000,1.30310,b,l
2026-02-03 20:31:18,767.46000,0.09742,b,l
2026-02-03 20:31:23,767.65000,0.19950,b,l
2026-02-03 20:31:23,767.65000,0.30050,b,l
2026-02-03 20:31:29,768.10000,0.90601,b,l
2026-02-03 20:31:40,768.37000,0.21090,s,l
2026-02-03 20:31:40,767.96000,0.21090,s,l
2026-02-03 20:31:43,768.47000,0.03000,b,l
2026-02-03 20:31:43,768.47000,0.12240,b,l
2026-02-03 20:31:43,768.47000,0.69990,b,l
2026-02-03 20:31:51,769.29000,1.29989,b,l
2026-02-03 20:31:51,769.29000,1.25631,b,l
2026-02-03 20:31:56,770.05000,0.00823,b,l
2026-02-03 20:31:56,770.25000,1.17294,b,l
2026-02-03 20:31:57,771.01000,0.13999,b,l
2026-02-03 20:31:57,771.01000,0.07091,b,l
2026-02-03 20:31:57,771.17000,0.03909,b,l
2026-02-03 20:31:57,771.17000,0.12999,b,l
2026-02-03 20:32:14,771.53000,0.21090,s,l
2026-02-03 20:32:14,771.48000,1.73262,s,l
2026-02-03 20:32:17,771.09000,0.04630,s,l
2026-02-03 20:32:17,771.09000,1.18424,s,l
2026-02-03 20:32:17,771.09000,0.21090,s,l
2026-02-03 20:32:17,770.88000,0.21090,s,l
2026-02-03 20:32:17,770.80000,0.21090,s,l
2026-02-03 20:32:17,770.72000,0.21090,s,l
2026-02-03 20:32:17,770.64000,0.21090,s,l
2026-02-03 20:32:17,770.56000,0.21090,s,l
2026-02-03 20:32:37,769.41000,0.21090,s,l
2026-02-03 20:33:29,767.33000,0.00981,s,m
2026-02-03 20:34:46,768.59000,0.90601,b,m
2026-02-03 20:34:46,768.59000,0.21090,b,m
2026-02-03 20:34:46,768.60000,1.30106,b,m
2026-02-03 20:34:46,768.60000,0.20260,b,m
2026-02-03 20:35:31,768.40000,1.74243,b,l
2026-02-03 20:35:31,768.40000,0.90601,b,l
2026-02-03 20:35:31,768.40000,0.21090,b,l
2026-02-03 20:35:35,768.38000,0.90601,b,l
2026-02-03 20:35:35,768.38000,0.21090,b,l
2026-02-03 20:35:35,768.38000,0.50000,b,l
2026-02-03 20:35:35,768.38000,4.39564,b,l
2026-02-03 20:35:35,768.38000,0.79636,b,l
2026-02-03 20:35:35,768.39000,1.30142,b,l
2026-02-03 20:35:35,768.39000,1.30142,b,l
2026-02-03 20:35:35,768.39000,0.50000,b,l
2026-02-03 20:35:35,768.41000,1.23054,b,l
2026-02-03 20:35:36,768.57000,6.99406,b,l
2026-02-03 20:35:37,768.57000,6.51895,b,l
2026-02-03 20:35:37,768.57000,6.63025,b,l
2026-02-03 20:35:37,768.57000,1.95037,b,l
2026-02-03 20:36:02,768.49000,0.21090,b,l
2026-02-03 20:36:02,768.49000,0.21090,b,l
2026-02-03 20:36:02,768.57000,6.62138,b,l
2026-02-03 20:36:04,768.57000,6.91408,b,l
2026-02-03 20:36:05,768.57000,6.62507,b,l
2026-02-03 20:36:05,768.57000,5.47676,b,l
2026-02-03 20:36:05,768.57000,4.80218,b,l
2026-02-03 20:36:05,768.57000,3.00947,b,l
2026-02-03 20:36:05,768.57000,3.87426,b,l
2026-02-03 20:36:05,768.57000,7.19608,b,l
2026-02-03 20:36:05,768.57000,1.03651,b,l
2026-02-03 20:36:05,768.57000,0.04070,b,l
2026-02-03 20:36:05,768.57000,1.18117,b,l
2026-02-03 20:36:05,768.57000,0.49270,b,l
2026-02-03 20:36:05,768.57000,1.16910,b,l
2026-02-03 20:36:05,768.57000,7.85015,b,l
2026-02-03 20:36:05,768.57000,0.28610,b,l
2026-02-03 20:36:05,768.57000,7.45606,b,l
2026-02-03 20:36:05,768.57000,2.39510,b,l
2026-02-03 20:36:05,768.57000,0.04530,b,l
2026-02-03 20:36:05,768.57000,0.14210,b,l
2026-02-03 20:36:05,768.57000,0.78340,b,l
2026-02-03 20:36:05,768.57000,0.48660,b,l
2026-02-03 20:36:05,768.57000,0.11450,b,l
2026-02-03 20:36:05,768.57000,2.67550,b,l
2026-02-03 20:36:05,768.57000,0.76260,b,l
2026-02-03 20:36:05,768.57000,0.20240,b,l
2026-02-03 20:36:05,768.57000,0.04350,b,l
2026-02-03 20:36:05,768.57000,0.18490,b,l
2026-02-03 20:36:05,768.57000,2.18276,b,l
2026-02-03 20:36:06,768.57000,8.18541,b,l
2026-02-03 20:36:06,768.57000,1.23680,b,l
2026-02-03 20:36:06,768.57000,0.21800,b,l
2026-02-03 20:36:06,768.57000,7.30310,b,l
2026-02-03 20:36:06,768.57000,0.21180,b,l
2026-02-03 20:36:06,768.57000,0.73310,b,l
2026-02-03 20:36:06,768.57000,0.16806,b,l
2026-02-03 20:36:06,768.57000,0.83940,b,l
2026-02-03 20:36:06,768.57000,1.01351,b,l
2026-02-03 20:36:06,768.57000,3.74720,b,l
2026-02-03 20:36:06,768.57000,0.45350,b,l
2026-02-03 20:36:06,768.57000,0.16806,b,l
2026-02-03 20:36:06,768.57000,0.16806,b,l
2026-02-03 20:36:07,768.57000,1.94940,b,l
2026-02-03 20:36:07,768.57000,1.18117,b,l
2026-02-03 20:36:07,768.57000,6.51563,b,l
2026-02-03 20:36:08,768.57000,6.58125,b,l
2026-02-03 20:36:08,768.57000,0.67650,b,l
2026-02-03 20:36:08,768.57000,17.40518,b,m
2026-02-03 20:36:08,768.57000,0.03158,b,l
2026-02-03 20:36:08,768.57000,0.36241,b,l
2026-02-03 20:36:08,768.57000,8.41316,b,l
2026-02-03 20:36:08,768.57000,0.16806,b,l
2026-02-03 20:36:08,768.57000,8.41062,b,l
2026-02-03 20:36:09,768.57000,0.16806,b,l
2026-02-03 20:36:09,768.57000,0.16806,b,l
2026-02-03 20:36:09,768.57000,6.51500,b,l
2026-02-03 20:36:10,768.57000,6.59056,b,l
2026-02-03 20:36:10,768.57000,1.18117,b,l
2026-02-03 20:36:10,768.57000,6.82061,b,l
2026-02-03 20:36:10,768.57000,6.69339,b,l
2026-02-03 20:36:21,768.57000,1.18117,b,l
2026-02-03 20:36:21,768.57000,0.72199,b,l
2026-02-03 20:39:33,769.39000,0.21090,b,l
2026-02-03 20:39:33,769.41000,0.05290,b,l
2026-02-03 20:39:37,769.47000,0.03714,s,l
2026-02-03 20:39:53,770.00000,6.58828,b,l
2026-02-03 20:39:58,770.00000,7.05362,b,l
2026-02-03 20:39:58,770.00000,6.71511,b,l
2026-02-03 20:39:59,770.00000,0.04358,b,l
2026-02-03 20:39:59,770.00000,6.52671,b,l
2026-02-03 20:40:00,770.00000,6.61112,b,l
2026-02-03 20:40:00,770.00000,0.03158,b,l
2026-02-03 20:40:00,770.00000,6.62320,b,l
2026-02-03 20:40:05,770.00000,6.50413,b,l
2026-02-03 20:40:05,770.00000,6.51905,b,l
2026-02-03 20:40:07,770.00000,7.16334,b,l
2026-02-03 20:40:07,770.00000,21.89200,b,l
2026-02-03 20:40:07,770.00000,9.56800,b,l
2026-02-03 20:40:08,770.00000,9.77529,b,l
2026-02-03 20:40:08,770.00000,15.59009,b,l
2026-02-03 20:40:08,770.00000,17.66100,b,l
2026-02-03 20:40:08,770.00000,8.16201,b,l
2026-02-03 20:40:08,770.00000,6.65262,b,l
2026-02-03 20:40:08,770.00000,7.39307,b,l
2026-02-03 20:40:08,770.00000,0.36241,b,l
2026-02-03 20:40:08,770.00000,3.00800,b,l
2026-02-03 20:40:08,770.00000,7.02935,b,l
2026-02-03 20:40:08,770.00000,1.00606,b,l
2026-02-03 20:40:08,770.00000,1.29865,b,l
2026-02-03 20:40:08,770.00000,6.74170,b,l
2026-02-03 20:40:08,770.00000,1.29865,b,l
2026-02-03 20:40:09,770.00000,0.04298,b,l
2026-02-03 20:40:09,770.00000,1.51860,b,l
2026-02-03 20:40:09,770.00000,1.94530,b,l
2026-02-03 20:40:09,770.00000,1.29865,b,l
2026-02-03 20:40:10,770.00000,1.29865,b,l
2026-02-03 20:40:10,770.00000,1.29865,b,l
2026-02-03 20:40:10,770.00000,1.29865,b,l
2026-02-03 20:40:10,770.00000,1.29865,b,l
2026-02-03 20:40:11,770.00000,1.29865,b,l
2026-02-03 20:40:12,770.00000,1.29865,b,l
2026-02-03 20:40:12,770.00000,1.29865,b,l
2026-02-03 20:40:12,770.00000,1.29865,b,l
2026-02-03 20:40:12,770.00000,1.29865,b,l
2026-02-03 20:40:13,770.00000,1.29865,b,l
2026-02-03 20:40:13,770.00000,7.63531,b,l
2026-02-03 20:40:13,770.00000,7.25871,b,l
2026-02-03 20:40:13,770.00000,1.29865,b,l
2026-02-03 20:40:13,770.00000,7.11974,b,l
2026-02-03 20:40:13,770.00000,6.90151,b,l
2026-02-03 20:40:13,770.00000,1.29865,b,l
2026-02-03 20:40:14,770.00000,7.05480,b,l
2026-02-03 20:40:14,770.00000,1.29865,b,l
2026-02-03 20:40:14,770.00000,6.85861,b,l
2026-02-03 20:40:15,770.00000,1.29865,b,l
2026-02-03 20:40:15,770.00000,1.29865,b,l
2026-02-03 20:40:16,770.00000,6.54667,b,l
2026-02-03 20:40:16,770.00000,1.29865,b,l
2026-02-03 20:40:16,770.00000,8.86742,b,l
2026-02-03 20:40:16,770.00000,1.29865,b,l
2026-02-03 20:40:16,770.00000,1.29865,b,l
2026-02-03 20:40:16,770.00000,1.29865,b,l
2026-02-03 20:40:16,770.00000,1.29865,b,l
2026-02-03 20:40:17,770.00000,8.65553,b,l
2026-02-03 20:40:17,770.00000,1.29865,b,l
2026-02-03 20:40:17,770.00000,6.62520,b,l
2026-02-03 20:40:17,770.00000,1.29865,b,l
2026-02-03 20:40:17,770.00000,6.58875,b,l
2026-02-03 20:40:17,770.00000,6.84514,b,l
2026-02-03 20:40:18,770.00000,1.29865,b,l
2026-02-03 20:40:18,770.00000,1.29865,b,l
2026-02-03 20:40:18,770.00000,1.29865,b,l
2026-02-03 20:40:18,770.00000,1.29865,b,l
2026-02-03 20:40:20,770.00000,0.14111,b,l
2026-02-03 20:41:04,770.24000,4.61400,b,l
2026-02-03 20:41:04,770.25000,1.95510,b,l
2026-02-03 20:41:08,770.23000,0.43781,b,l
2026-02-03 20:41:32,769.17000,0.03212,b,l
2026-02-03 20:42:02,769.27000,5.18500,b,l
2026-02-03 20:42:02,769.41000,1.55800,b,l
2026-02-03 20:42:02,769.40000,5.18500,b,l
2026-02-03 20:42:02,769.41000,1.50674,b,l
2026-02-03 20:42:33,769.63000,5.18400,b,l
2026-02-03 20:42:33,769.75000,1.35143,b,l
2026-02-03 20:43:03,770.22000,0.03218,b,l
2026-02-03 20:43:09,769.92000,0.08880,b,m
2026-02-03 20:43:09,769.98000,0.00748,b,m
2026-02-03 20:43:59,769.60000,0.00990,s,l
2026-02-03 20:44:28,769.69000,0.02700,b,m
2026-02-03 20:44:43,769.01000,0.06500,b,l
2026-02-03 20:44:58,769.19000,0.05800,b,m
2026-02-03 20:45:25,768.64000,0.09448,s,m
2026-02-03 20:45:36,768.57000,0.01867,s,l
2026-02-03 20:45:46,768.38000,1.30143,s,l
2026-02-03 20:45:46,768.38000,1.30143,s,l
2026-02-03 20:45:46,768.37000,0.50000,s,l
2026-02-03 20:45:46,768.33000,1.34064,s,l
2026-02-03 20:45:46,768.22000,1.77176,s,l
2026-02-03 20:45:46,768.21000,0.78474,s,l
2026-02-03 20:45:56,768.24000,0.49957,b,l
2026-02-03 20:45:56,768.25000,0.75043,b,l
2026-02-03 20:45:57,768.27000,0.07084,b,l
2026-02-03 20:45:57,768.29000,4.92916,b,l
2026-02-03 20:45:57,768.79000,0.06300,b,l
2026-02-03 20:45:58,769.42000,0.06500,b,l
2026-02-03 20:45:58,769.64000,0.07000,b,l
2026-02-03 20:45:59,769.72000,0.21090,b,l
2026-02-03 20:45:59,769.72000,0.07174,b,l
2026-02-03 20:45:59,769.84000,1.66517,b,l
2026-02-03 20:46:17,771.98000,0.21090,s,l
2026-02-03 20:46:17,771.91000,0.07649,s,l
2026-02-03 20:46:57,769.65000,0.08097,s,l
2026-02-03 20:47:18,770.48000,0.07380,b,l
2026-02-03 20:47:18,770.69000,0.00472,b,l
2026-02-03 20:47:55,768.92000,0.02500,s,l
2026-02-03 20:51:38,771.44000,0.06000,b,l
2026-02-03 20:51:38,771.44000,0.16000,b,l
2026-02-03 20:51:38,771.44000,0.14000,b,l
2026-02-03 20:51:38,771.44000,0.04000,b,l
2026-02-03 20:51:38,771.44000,0.11000,b,l
2026-02-03 20:51:38,771.44000,0.02000,b,l
2026-02-03 20:51:38,771.44000,0.05000,b,l
2026-02-03 20:51:38,771.44000,0.02000,b,l
2026-02-03 20:51:38,771.44000,0.08000,b,l
2026-02-03 20:51:38,771.33000,0.07199,b,l
2026-02-03 20:51:38,771.33000,0.07182,b,l
2026-02-03 20:51:55,771.16000,0.01310,b,l
2026-02-03 20:52:45,769.59000,0.01313,b,l
2026-02-03 20:53:17,770.70000,0.00268,s,l
2026-02-03 20:55:09,771.18000,0.00724,b,m
2026-02-03 20:55:11,770.70000,0.07503,s,m
2026-02-03 20:56:45,770.17000,0.20000,s,l
2026-02-03 20:56:49,770.32000,0.06490,b,l
2026-02-03 20:57:21,769.92000,0.00220,b,l
2026-02-03 20:57:53,769.69000,0.21090,b,m
2026-02-03 20:57:53,769.70000,0.00010,b,m
2026-02-03 21:00:00,770.63000,0.01291,b,l
2026-02-03 21:00:17,771.31000,0.02453,b,l
2026-02-03 21:03:02,772.57000,0.00381,b,l
2026-02-03 21:04:08,772.18000,0.09585,b,m
2026-02-03 21:04:20,772.61000,0.08931,b,l
2026-02-03 21:04:32,772.37000,0.50000,s,l
2026-02-03 21:04:32,772.37000,0.21090,s,l
2026-02-03 21:04:32,772.36000,0.78910,s,l
2026-02-03 21:05:28,773.25000,0.03158,b,l
2026-02-03 21:05:49,772.99000,0.90601,b,m
2026-02-03 21:05:49,772.99000,0.21090,b,m
2026-02-03 21:05:49,773.00000,1.29366,b,m
2026-02-03 21:05:49,773.00000,0.58143,b,m
2026-02-03 21:05:53,772.49000,0.17660,s,l
2026-02-03 21:08:08,771.34000,0.56880,s,m
2026-02-03 21:08:15,771.48000,0.19031,b,l
2026-02-03 21:08:49,771.92000,0.00800,s,l
2026-02-03 21:09:19,772.39000,0.04702,s,l
2026-02-03 21:09:56,773.25000,0.85961,b,l
2026-02-03 21:11:13,772.08000,0.01776,b,l
2026-02-03 21:12:12,772.34000,1.26315,b,l
2026-02-03 21:13:10,771.54000,0.02505,b,l
2026-02-03 21:15:06,771.54000,0.17661,b,m
2026-02-03 21:15:06,771.54000,0.21090,b,m
2026-02-03 21:15:06,771.55000,0.84005,b,m
2026-02-03 21:15:10,771.57000,0.50000,b,l
2026-02-03 21:15:10,771.58000,0.50000,b,l
2026-02-03 21:15:10,771.60000,0.07422,b,l
2026-02-03 21:15:10,771.75000,5.17000,b,l
2026-02-03 21:15:10,771.77000,0.21090,b,l
2026-02-03 21:15:10,771.79000,0.32921,b,l
2026-02-03 21:16:48,770.21000,0.01299,b,l
2026-02-03 21:18:24,768.85000,0.05409,b,l
2026-02-03 21:19:01,768.71000,0.02800,b,m
2026-02-03 21:20:47,768.12000,0.00611,b,l
2026-02-03 21:21:32,767.78000,0.03200,b,m
2026-02-03 21:23:17,767.69000,0.08648,b,m
2026-02-03 21:23:17,767.76000,0.04652,b,m
2026-02-03 21:23:53,767.92000,0.10487,b,l
2026-02-03 21:23:53,767.99000,0.33875,b,l
2026-02-03 21:23:53,768.03000,0.21090,b,l
2026-02-03 21:23:53,768.12000,3.88826,b,l
2026-02-03 21:27:26,767.83000,0.05900,b,m
2026-02-03 21:28:21,767.91000,0.02369,s,l
2026-02-03 21:29:21,768.06000,0.21090,b,m
2026-02-03 21:29:21,768.07000,0.08202,b,m
2026-02-03 21:29:21,768.07000,0.21090,b,m
2026-02-03 21:29:21,768.17000,0.33283,b,m
2026-02-03 21:29:21,768.18000,0.21090,b,m
2026-02-03 21:29:21,768.21000,1.08114,b,m
2026-02-03 21:31:04,768.34000,0.29285,b,m
2026-02-03 21:32:20,767.75000,0.06578,s,l
2026-02-03 21:34:10,767.34000,0.07917,s,l
2026-02-03 21:34:29,766.95000,0.02519,s,l
2026-02-03 21:35:27,766.99000,0.21090,b,l
2026-02-03 21:35:27,767.02000,0.80566,b,l
2026-02-03 21:37:10,766.44000,1.77176,s,l
2026-02-03 21:37:10,766.43000,1.30474,s,l
2026-02-03 21:37:10,766.43000,1.30460,s,l
2026-02-03 21:39:22,765.40000,0.00099,s,l
2026-02-03 21:41:06,765.43000,0.01485,b,m
2026-02-03 21:41:41,765.62000,1.77170,s,l
2026-02-03 21:41:41,765.61000,0.44850,s,l
2026-02-03 21:44:02,765.72000,0.06578,b,m
2026-02-03 21:44:02,765.73000,0.21090,b,m
2026-02-03 21:44:02,765.73000,0.10272,b,m
2026-02-03 21:47:10,764.98000,0.03297,b,l
2026-02-03 21:47:11,765.28000,0.21090,b,l
2026-02-03 21:47:11,765.29000,0.06467,b,l
2026-02-03 21:47:11,765.37000,0.32136,b,l
2026-02-03 21:47:11,765.37000,0.68249,b,l
2026-02-03 21:48:59,764.70000,0.21090,s,l
2026-02-03 21:48:59,764.69000,0.22554,s,l
2026-02-03 21:49:31,764.22000,1.30852,s,l
2026-02-03 21:49:31,764.21000,0.50000,s,l
2026-02-03 21:49:31,764.20000,1.30855,s,l
2026-02-03 21:49:31,764.20000,0.50000,s,l
2026-02-03 21:49:31,764.19000,1.77176,s,l
2026-02-03 21:49:31,764.19000,0.50000,s,l
2026-02-03 21:49:31,764.18000,0.50000,s,l
2026-02-03 21:49:31,764.09000,0.17660,s,l
2026-02-03 21:49:31,764.08000,0.21090,s,l
2026-02-03 21:49:31,764.07000,5.21400,s,l
2026-02-03 21:49:31,764.05000,1.34799,s,l
2026-02-03 21:49:31,764.04000,6.54409,s,l
2026-02-03 21:49:31,764.01000,0.57737,s,l
2026-02-03 21:49:38,764.12000,1.11010,s,l
2026-02-03 21:49:38,764.10000,0.50000,s,l
2026-02-03 21:49:38,764.09000,0.05500,s,l
2026-02-03 21:49:45,764.23000,0.27750,s,l
2026-02-03 21:50:21,764.11000,0.03325,s,l
2026-02-03 21:50:34,764.41000,0.09209,b,l
2026-02-03 21:50:42,764.29000,0.09265,b,m
2026-02-03 21:50:42,764.35000,0.17660,b,m
2026-02-03 21:50:42,764.36000,1.30828,b,m
2026-02-03 21:50:42,764.36000,0.50000,b,m
2026-02-03 21:50:42,764.37000,0.21090,b,m
2026-02-03 21:50:42,764.39000,0.31428,b,m
2026-02-03 21:50:42,764.41000,1.14529,b,m
2026-02-03 21:50:43,764.14000,0.13880,s,l
2026-02-03 21:50:43,764.14000,0.03780,s,l
2026-02-03 21:50:43,764.11000,0.01890,s,l
2026-02-03 21:50:43,764.11000,0.03160,s,l
2026-02-03 21:50:43,764.11000,0.00940,s,l
2026-02-03 21:50:43,764.11000,0.01580,s,l
2026-02-03 21:50:43,764.11000,0.00470,s,l
2026-02-03 21:50:44,764.11000,0.01030,s,l
2026-02-03 21:50:44,764.11000,0.00510,s,l
2026-02-03 21:51:23,764.39000,0.01273,b,l
2026-02-03 21:54:02,763.81000,0.04800,b,m
2026-02-03 21:54:09,763.72000,0.02726,b,m
2026-02-03 21:55:02,763.33000,0.00786,s,l
2026-02-03 21:55:02,762.93000,0.02035,s,l
2026-02-03 21:56:05,763.71000,0.06152,b,m
2026-02-03 21:56:24,763.47000,0.01362,s,l
2026-02-03 21:56:37,764.12000,0.29681,s,l
2026-02-03 21:56:56,763.86000,0.21090,b,l
2026-02-03 21:56:56,763.90000,0.02810,b,l
2026-02-03 21:56:56,763.94000,0.29900,b,l
2026-02-03 22:01:27,763.44000,0.21090,b,m
2026-02-03 22:01:27,763.46000,0.07425,b,m
2026-02-03 22:01:27,763.48000,6.53248,b,m
2026-02-03 22:01:27,763.49000,0.90601,b,m
2026-02-03 22:01:27,763.51000,0.50000,b,m
2026-02-03 22:01:27,763.52000,1.30972,b,m
2026-02-03 22:01:27,763.56000,0.50000,b,m
2026-02-03 22:01:27,763.58000,1.30962,b,m
2026-02-03 22:01:27,763.59000,0.21090,b,m
2026-02-03 22:01:27,763.67000,0.49447,b,m
2026-02-03 22:01:27,763.68000,0.21090,b,m
2026-02-03 22:01:27,763.74000,0.09983,b,m
2026-02-03 22:03:25,763.08000,0.00147,s,l
2026-02-03 22:03:57,762.97000,0.90601,b,m
2026-02-03 22:03:57,762.98000,0.31399,b,m
2026-02-03 22:06:12,761.86000,0.04314,s,l
2026-02-03 22:08:46,759.79000,0.13100,b,m
2026-02-03 22:12:12,760.62000,0.01846,b,l
2026-02-03 22:13:14,760.42000,0.90601,b,l
2026-02-03 22:13:14,760.42000,0.21090,b,l
2026-02-03 22:13:14,760.43000,1.31504,b,l
2026-02-03 22:13:14,760.43000,1.31504,b,l
2026-02-03 22:13:14,760.44000,0.08543,b,l
2026-02-03 22:13:14,760.45000,0.05251,b,l
2026-02-03 22:15:54,758.47000,0.07107,s,l
2026-02-03 22:16:30,757.93000,0.00825,s,l
2026-02-03 22:19:57,758.75000,0.03952,s,m
2026-02-03 22:20:03,759.24000,0.02578,s,l
2026-02-03 22:20:31,761.16000,0.05700,b,m
2026-02-03 22:20:50,761.15000,0.00189,b,l
2026-02-03 22:22:03,760.54000,0.01592,s,l
2026-02-03 22:22:36,760.03000,0.35700,b,m
2026-02-03 22:22:59,759.82000,0.02250,b,l
2026-02-03 22:24:00,759.28000,0.03484,b,l
2026-02-03 22:27:29,759.84000,0.01097,b,l
2026-02-03 22:29:47,760.25000,0.01302,b,l
2026-02-03 22:33:02,759.49000,0.00858,s,m
2026-02-03 22:35:41,759.86000,0.03293,s,l
2026-02-03 22:36:52,761.49000,0.00747,b,l
2026-02-03 22:38:04,761.02000,0.01282,b,l
2026-02-03 22:38:46,760.85000,0.00252,b,l
2026-02-03 22:41:08,760.81000,0.30271,s,l
2026-02-03 22:41:50,760.34000,0.00354,b,l
2026-02-03 22:41:50,760.40000,0.04055,b,l
2026-02-03 22:43:16,759.37000,0.00573,b,l
2026-02-03 22:44:46,759.23000,0.00174,b,l
2026-02-03 22:46:26,757.43000,0.08608,s,l
2026-02-03 22:46:26,757.41000,0.79292,s,l
2026-02-03 22:46:26,757.41000,0.52736,s,l
2026-02-03 22:46:26,757.32000,2.14277,s,l
2026-02-03 22:46:26,757.29000,1.32048,s,l
2026-02-03 22:46:26,757.28000,1.36009,s,l
2026-02-03 22:46:26,757.27000,1.77176,s,l
2026-02-03 22:46:26,757.03000,6.46972,s,l
2026-02-03 22:46:26,757.12000,0.10286,s,l
2026-02-03 22:46:26,756.90000,0.68489,s,l
2026-02-03 22:46:26,756.18000,0.03520,s,l
2026-02-03 22:46:26,756.18000,1.15180,s,l
2026-02-03 22:46:26,756.18000,0.09870,s,l
2026-02-03 22:46:26,756.18000,0.81970,s,l
2026-02-03 22:46:26,756.53000,0.03520,s,l
2026-02-03 22:47:05,756.01000,1.25072,s,l
2026-02-03 22:47:05,756.00000,5.43616,s,l
2026-02-03 22:47:06,756.00000,6.79716,s,l
