timestamp,price,volume,side,type
2026-02-05 23:03:32,0.04387000,246.28440,b,l
2026-02-05 23:05:41,0.04423000,5652.27221,s,l
2026-02-05 23:05:41,0.04422000,5652.27221,s,l
2026-02-05 23:05:41,0.04422000,554.25634,s,l
2026-02-05 23:05:41,0.04421000,5654.82922,s,l
2026-02-05 23:20:01,0.04402000,2271.80690,b,l
2026-02-05 23:20:01,0.04403000,413.43750,b,l
2026-02-05 23:20:01,0.04403000,668.84371,b,l
2026-02-05 23:20:28,0.04387000,17814.76223,b,l
2026-02-05 23:21:24,0.04381000,413.43750,b,l
2026-02-05 23:22:11,0.04380000,2283.22116,b,l
2026-02-05 23:22:31,0.04386000,2279.98176,b,l
2026-02-05 23:22:46,0.04380000,2283.10502,b,l
2026-02-05 23:23:21,0.04374000,2286.23680,b,l
2026-02-05 23:25:33,0.04373000,413.43750,b,l
2026-02-05 23:25:33,0.04374000,413.43750,b,l
2026-02-05 23:25:33,0.04374000,2286.30930,b,l
2026-02-05 23:25:33,0.04375000,413.43750,b,l
2026-02-05 23:25:33,0.04377000,413.43750,b,l
2026-02-05 23:25:33,0.04377000,2284.85912,b,l
2026-02-05 23:25:33,0.04377000,17814.76223,b,l
2026-02-05 23:25:33,0.04378000,262.15210,b,l
2026-02-05 23:28:04,0.04390000,413.43750,s,l
2026-02-05 23:31:03,0.04385000,413.43750,s,l
2026-02-05 23:31:03,0.04384000,413.43750,s,l
2026-02-05 23:31:03,0.04384000,5702.15034,s,l
2026-02-05 23:32:17,0.04408000,250.00000,b,l
2026-02-05 23:35:12,0.04358000,2450.00000,s,l
2026-02-05 23:35:12,0.04358000,932.79350,s,l
2026-02-05 23:35:12,0.04358000,2353.18097,s,l
2026-02-05 23:35:12,0.04357000,2450.00000,s,l
2026-02-05 23:35:12,0.04357000,2450.00000,s,l
2026-02-05 23:35:12,0.04357000,2450.00000,s,l
2026-02-05 23:35:12,0.04357000,2546.81910,s,l
2026-02-05 23:35:12,0.04357000,2450.00000,s,l
2026-02-05 23:35:13,0.04358000,918.75000,s,l
2026-02-05 23:41:49,0.04324000,1531.25000,s,l
2026-02-05 23:41:49,0.04325000,413.43750,s,l
2026-02-05 23:41:49,0.04323000,413.43750,s,l
2026-02-05 23:49:13,0.04336000,2306.40470,b,l
2026-02-05 23:49:13,0.04337000,581.78335,b,l
2026-02-05 23:49:13,0.04338000,2305.69827,b,l
2026-02-05 23:53:11,0.04280000,413.43750,b,l
2026-02-05 23:59:26,0.04278000,2337.66520,b,l
2026-02-06 00:03:17,0.04247000,35.01907,s,l
2026-02-06 00:03:20,0.04247000,29.01587,s,l
2026-02-06 00:04:01,0.04290000,5827.50582,s,l
2026-02-06 00:04:01,0.04287000,413.43750,s,l
2026-02-06 00:04:01,0.04286000,413.43750,s,l
2026-02-06 00:04:14,0.04277000,11231.93503,s,l
2026-02-06 00:04:15,0.04277000,458.50219,s,l
2026-02-06 00:06:55,0.04233000,2363.27880,b,l
2026-02-06 00:06:55,0.04237000,2360.45673,b,l
2026-02-06 00:06:55,0.04236000,2360.71760,b,l
2026-02-06 00:09:17,0.04186000,413.43750,s,l
2026-02-06 00:09:17,0.04185000,5972.62170,s,l
2026-02-06 00:09:17,0.04183000,413.43750,s,l
2026-02-06 00:09:17,0.04182000,5977.05345,s,l
2026-02-06 00:09:17,0.04182000,413.43750,s,l
2026-02-06 00:09:17,0.04182000,292.26880,s,l
2026-02-06 00:09:17,0.04178000,5982.69988,s,l
2026-02-06 00:09:17,0.04178000,413.43750,s,l
2026-02-06 00:09:17,0.04171000,31657.77157,s,l
2026-02-06 00:09:17,0.04171000,413.43750,s,l
2026-02-06 00:09:17,0.04170000,413.43750,s,l
2026-02-06 00:09:17,0.04168000,413.43750,s,l
2026-02-06 00:09:17,0.04166000,59997.65213,s,l
2026-02-06 00:09:17,0.04165000,413.43750,s,l
2026-02-06 00:09:17,0.04164000,60028.84692,s,l
2026-02-06 00:09:17,0.04163000,413.43750,s,l
2026-02-06 00:09:17,0.04163000,60047.61179,s,l
2026-02-06 00:09:17,0.04159000,60108.55129,s,l
2026-02-06 00:09:17,0.04158000,413.43750,s,l
2026-02-06 00:09:17,0.04157000,60134.71599,s,l
2026-02-06 00:09:17,0.04156000,413.43750,s,l
2026-02-06 00:09:17,0.04154000,60179.10110,s,l
2026-02-06 00:09:17,0.04153000,413.43750,s,l
2026-02-06 00:09:17,0.04145000,413.43750,s,l
2026-02-06 00:09:17,0.04132000,7746.49216,s,l
2026-02-06 00:09:17,0.04116000,10084.23516,s,l
2026-02-06 00:09:17,0.04110000,25190.16437,s,l
2026-02-06 00:09:17,0.04096000,42701.07498,s,l
2026-02-06 00:09:17,0.04085000,60186.53667,s,l
2026-02-06 00:09:17,0.04069000,77682.44847,s,l
2026-02-06 00:09:17,0.04050000,111603.83683,b,l
2026-02-06 00:09:17,0.04199000,413.43750,b,l
2026-02-06 00:09:17,0.04200000,201.08250,b,l
2026-02-06 00:09:30,0.04197000,413.43750,b,l
2026-02-06 00:09:30,0.04198000,413.43750,b,l
2026-02-06 00:09:30,0.04198000,10382.84009,b,l
2026-02-06 00:09:32,0.04201000,413.43750,b,l
2026-02-06 00:09:32,0.04201000,10796.27759,b,l
2026-02-06 00:09:36,0.04192000,413.43750,s,l
2026-02-06 00:09:36,0.04191000,413.43750,s,l
2026-02-06 00:09:36,0.04191000,16191.11196,s,l
2026-02-06 00:09:40,0.04223000,413.43750,b,l
2026-02-06 00:10:04,0.04211000,413.43750,b,l
2026-02-06 00:10:04,0.04212000,5936.77220,b,l
2026-02-06 00:12:34,0.04168000,413.43750,b,m
2026-02-06 00:12:34,0.04169000,413.43750,b,m
2026-02-06 00:12:34,0.04170000,413.43750,b,m
2026-02-06 00:12:34,0.04170000,14588.36533,b,m
2026-02-06 00:13:15,0.04114000,413.43750,s,l
2026-02-06 00:13:15,0.04113000,4092.71415,s,l
2026-02-06 00:13:15,0.04111000,1240.31250,s,l
2026-02-06 00:13:15,0.04111000,826.87500,s,l
2026-02-06 00:13:15,0.04111000,826.87500,s,l
2026-02-06 00:13:16,0.04111000,18976.09141,s,l
2026-02-06 00:13:17,0.04111000,497.53495,s,l
2026-02-06 00:13:17,0.04111000,17.78768,s,l
2026-02-06 00:13:17,0.04108000,30395.87321,s,l
2026-02-06 00:13:18,0.04108000,42402.81382,s,l
2026-02-06 00:13:19,0.04084000,2450.00000,s,l
2026-02-06 00:13:19,0.04084000,2450.00000,s,l
2026-02-06 00:13:19,0.04084000,2450.00000,s,l
2026-02-06 00:13:19,0.04084000,1485.73850,s,l
2026-02-06 00:13:19,0.04084000,35274.27258,s,l
2026-02-06 00:13:19,0.04084000,30395.87321,s,l
2026-02-06 00:13:19,0.04084000,12489.51399,s,l
2026-02-06 00:13:20,0.04084000,13266.62999,s,l
2026-02-06 00:13:20,0.04084000,17586.24798,s,l
2026-02-06 00:13:20,0.04084000,1886.00000,s,l
2026-02-06 00:13:20,0.04084000,4306.37555,s,l
2026-02-06 00:13:30,0.04070000,413.43750,s,l
2026-02-06 00:13:30,0.04068000,3829.98064,s,l
2026-02-06 00:13:30,0.04068000,381.75320,s,l
2026-02-06 00:13:31,0.04066000,31.68430,s,l
2026-02-06 00:13:31,0.04066000,451.00000,s,l
2026-02-06 00:13:32,0.04067000,4706.40392,s,l
2026-02-06 00:13:32,0.04065000,13355.45307,s,l
2026-02-06 00:13:32,0.04065000,1379.59941,s,l
2026-02-06 00:13:32,0.04065000,9639.00000,s,l
2026-02-06 00:13:33,0.04065000,5549.00000,s,l
2026-02-06 00:13:34,0.04065000,5549.00000,s,l
2026-02-06 00:13:34,0.04065000,555.00000,s,l
2026-02-06 00:13:34,0.04065000,14793.78322,s,l
2026-02-06 00:13:34,0.04065000,4734.52746,s,l
2026-02-06 00:13:34,0.04065000,8428.27772,s,l
2026-02-06 00:13:35,0.04065000,1231.00000,s,l
2026-02-06 00:13:35,0.04065000,5884.00000,s,l
2026-02-06 00:13:40,0.04066000,413.43750,s,l
2026-02-06 00:13:40,0.04065000,3754.46248,s,l
2026-02-06 00:13:40,0.04066000,413.43750,s,l
2026-02-06 00:13:40,0.04065000,2289.55957,s,l
2026-02-06 00:13:49,0.04065000,826.87500,s,l
2026-02-06 00:13:49,0.04065000,36684.01492,s,l
2026-02-06 00:13:49,0.04065000,1081.19882,s,l
2026-02-06 00:13:49,0.04065000,16926.36017,s,l
2026-02-06 00:13:49,0.04065000,12118.07781,s,l
2026-02-06 00:13:49,0.04065000,1598.91308,s,l
2026-02-06 00:13:49,0.04065000,13309.50494,s,l
2026-02-06 00:13:50,0.04065000,5391.15490,s,l
2026-02-06 00:14:01,0.04066000,406.10969,s,l
2026-02-06 00:14:02,0.04066000,7.32781,s,l
2026-02-06 00:14:02,0.04065000,318.08683,s,l
2026-02-06 00:14:02,0.04065000,281.51969,s,l
2026-02-06 00:14:02,0.04066000,413.43750,s,l
2026-02-06 00:14:02,0.04065000,99.56250,s,l
2026-02-06 00:14:02,0.04065000,653.00000,s,l
2026-02-06 00:14:03,0.04066000,413.43750,s,l
2026-02-06 00:14:03,0.04065000,228.56250,s,l
2026-02-06 00:14:03,0.04065000,413.43750,s,l
2026-02-06 00:14:03,0.04065000,413.43750,s,l
2026-02-06 00:14:03,0.04065000,413.43740,s,l
2026-02-06 00:14:03,0.04065000,7049.11067,s,l
2026-02-06 00:14:03,0.04065000,384.97355,s,l
2026-02-06 00:14:06,0.04036000,6195.00320,b,l
2026-02-06 00:14:07,0.04012000,12354.60285,s,l
2026-02-06 00:14:07,0.04009000,413.43750,s,l
2026-02-06 00:14:17,0.04000000,413.43750,s,l
2026-02-06 00:14:17,0.04000000,1737.78770,s,l
2026-02-06 00:14:17,0.04000000,2228.60770,s,l
2026-02-06 00:14:17,0.04000000,2450.00000,s,l
2026-02-06 00:14:18,0.04000000,30086.72818,s,l
2026-02-06 00:14:18,0.04000000,977.81869,s,l
2026-02-06 00:14:19,0.04000000,12105.62023,s,l
2026-02-06 00:14:19,0.03985000,413.43750,s,l
2026-02-06 00:14:19,0.03983000,413.43750,s,l
2026-02-06 00:14:42,0.03954000,2228.60770,b,l
2026-02-06 00:14:42,0.03954000,1012.01280,b,l
2026-02-06 00:14:42,0.03954000,2450.00000,b,l
2026-02-06 00:14:42,0.03915000,413.43750,s,l
2026-02-06 00:14:50,0.03970000,2450.00000,b,l
2026-02-06 00:14:50,0.03970000,1437.98720,b,l
2026-02-06 00:14:50,0.03970000,12250.00000,b,l
2026-02-06 00:14:50,0.03970000,2450.00000,b,l
2026-02-06 00:14:50,0.03970000,2450.00000,b,l
2026-02-06 00:14:50,0.03970000,4900.00000,b,l
2026-02-06 00:14:50,0.03970000,3887.98720,b,l
2026-02-06 00:14:50,0.03970000,1831.79710,b,l
2026-02-06 00:15:15,0.04002000,413.43750,s,l
2026-02-06 00:15:17,0.03998000,413.43750,s,l
2026-02-06 00:15:17,0.03997000,263.56772,s,l
2026-02-06 00:15:18,0.03997000,31180.35270,s,l
2026-02-06 00:15:25,0.03995000,18110.56840,b,l
2026-02-06 00:15:25,0.03995000,13333.35200,b,l
2026-02-06 00:16:20,0.03966000,543.42455,s,l
2026-02-06 00:16:20,0.03966000,57.35233,s,l
2026-02-06 00:16:22,0.03967000,22.94093,s,l
2026-02-06 00:16:25,0.03968000,25268.17519,s,l
2026-02-06 00:16:25,0.03968000,474.87355,s,l
2026-02-06 00:16:26,0.03968000,517.61188,s,l
2026-02-06 00:16:27,0.03968000,4150.08981,s,l
2026-02-06 00:16:27,0.03964000,33216.64800,b,l
2026-02-06 00:16:33,0.03954000,413.43750,s,l
2026-02-06 00:17:11,0.04032000,6199.12935,s,l
2026-02-06 00:17:11,0.04026000,413.43750,s,l
2026-02-06 00:17:12,0.04040000,4490.41151,s,l
2026-02-06 00:17:14,0.04052000,101.61951,s,l
2026-02-06 00:17:14,0.04055000,277.98012,s,l
2026-02-06 00:17:14,0.04076000,15929.25544,b,l
2026-02-06 00:17:14,0.04076000,12944.43279,b,l
2026-02-06 00:17:15,0.04063000,64.11904,s,l
2026-02-06 00:17:15,0.04051000,95.73045,s,l
2026-02-06 00:17:16,0.04050000,31.38423,s,l
2026-02-06 00:17:23,0.04037000,57.25113,s,l
2026-02-06 00:17:24,0.04037000,555.80552,s,l
2026-02-06 00:17:24,0.04037000,413.43750,s,l
2026-02-06 00:18:02,0.04003000,413.43750,s,l
2026-02-06 00:18:02,0.04002000,413.43750,s,l
2026-02-06 00:18:02,0.04002000,21599.48820,s,l
2026-02-06 00:18:02,0.04003000,22.90045,s,l
2026-02-06 00:18:17,0.03981000,499.28660,s,l
2026-02-06 00:18:17,0.03981000,7350.00000,s,l
2026-02-06 00:18:23,0.03974000,413.43750,b,l
2026-02-06 00:18:23,0.03975000,5661.27721,b,l
2026-02-06 00:18:23,0.03976000,413.43750,b,l
2026-02-06 00:18:23,0.03977000,413.43750,b,l
2026-02-06 00:18:23,0.03978000,5656.66298,b,l
2026-02-06 00:18:23,0.03984000,24577.20000,b,l
2026-02-06 00:18:25,0.03984000,24590.29860,b,l
2026-02-06 00:18:36,0.03957000,682.26992,b,l
2026-02-06 00:18:38,0.03956000,341.40789,b,l
2026-02-06 00:18:39,0.03952000,78.28346,b,l
2026-02-06 00:18:40,0.03952000,103.61021,b,l
2026-02-06 00:18:40,0.03923000,413.43750,s,l
2026-02-06 00:18:40,0.03922000,413.43750,s,l
2026-02-06 00:18:40,0.03922000,6374.10234,s,l
2026-02-06 00:18:40,0.03920000,413.43750,s,l
2026-02-06 00:18:40,0.03920000,6376.10030,s,l
2026-02-06 00:18:40,0.03919000,413.43750,s,l
2026-02-06 00:18:40,0.03917000,413.43750,s,l
2026-02-06 00:18:40,0.03916000,413.43750,s,l
2026-02-06 00:18:40,0.03915000,413.43750,s,l
2026-02-06 00:18:40,0.03915000,6385.17937,s,l
2026-02-06 00:18:40,0.03913000,413.43750,s,l
2026-02-06 00:18:40,0.03913000,24577.20000,s,l
2026-02-06 00:18:40,0.03912000,63898.35085,s,l
2026-02-06 00:18:40,0.03911000,413.43750,s,l
2026-02-06 00:18:40,0.03909000,63952.20171,s,l
2026-02-06 00:18:40,0.03908000,413.43750,s,l
2026-02-06 00:18:40,0.03906000,413.43750,s,l
2026-02-06 00:18:40,0.03905000,64009.53001,s,l
2026-02-06 00:18:40,0.03904000,413.43750,s,l
2026-02-06 00:18:40,0.03901000,413.43750,s,l
2026-02-06 00:18:40,0.03898000,7849.28660,b,l
2026-02-06 00:18:40,0.03898000,18595.30404,b,l
2026-02-06 00:18:40,0.03898000,30960.19375,b,l
2026-02-06 00:18:40,0.03948000,49.34296,b,l
2026-02-06 00:18:41,0.03950000,37.99308,b,l
2026-02-06 00:19:01,0.03969000,24577.20000,b,l
2026-02-06 00:19:28,0.03880000,413.43750,s,l
2026-02-06 00:19:28,0.03879000,413.43750,s,l
2026-02-06 00:19:28,0.03879000,20826.95432,s,l
2026-02-06 00:19:28,0.03878000,413.43750,s,l
2026-02-06 00:19:28,0.03877000,413.43750,s,l
2026-02-06 00:19:28,0.03877000,6446.64017,s,l
2026-02-06 00:19:28,0.03875000,413.43750,s,l
2026-02-06 00:19:28,0.03873000,413.43750,s,l
2026-02-06 00:19:28,0.03871000,413.43750,s,l
2026-02-06 00:19:28,0.03871000,6457.56589,s,l
2026-02-06 00:19:28,0.03870000,413.43750,s,l
2026-02-06 00:19:28,0.03870000,63412.40064,s,l
2026-02-06 00:19:28,0.03868000,413.43750,s,l
2026-02-06 00:19:28,0.03867000,6464.95667,s,l
2026-02-06 00:19:28,0.03867000,413.43750,s,l
2026-02-06 00:19:28,0.03866000,24577.20000,s,l
2026-02-06 00:19:28,0.03866000,413.43750,s,l
2026-02-06 00:19:28,0.03865000,64677.92475,s,l
2026-02-06 00:19:28,0.03864000,413.43750,s,l
2026-02-06 00:19:28,0.03861000,64738.42010,s,l
2026-02-06 00:19:28,0.03860000,413.43750,s,l
2026-02-06 00:19:28,0.03858000,64796.77058,s,l
2026-02-06 00:19:28,0.03857000,413.43750,s,l
2026-02-06 00:19:28,0.03855000,64841.72380,s,l
2026-02-06 00:19:28,0.03854000,413.43750,s,l
2026-02-06 00:19:28,0.03850000,64931.59935,s,l
2026-02-06 00:19:28,0.03849000,413.43750,s,l
2026-02-06 00:19:28,0.03842000,41845.09092,s,l
2026-02-06 00:19:41,0.03831000,7302.81378,s,l
2026-02-06 00:19:42,0.03864000,36.33341,b,l
2026-02-06 00:19:44,0.03861000,18.16671,b,l
2026-02-06 00:19:53,0.03808000,300.38274,b,l
2026-02-06 00:19:53,0.03808000,300.38274,b,l
2026-02-06 00:19:53,0.03808000,15254.09860,b,l
2026-02-06 00:19:53,0.03808000,16367.74747,b,l
2026-02-06 00:19:54,0.03824000,300.38274,b,l
2026-02-06 00:19:59,0.03765000,5079.88080,s,l
2026-02-06 00:19:59,0.03765000,27510.74602,s,l
2026-02-06 00:20:02,0.03836000,300.38274,b,l
2026-02-06 00:20:23,0.03804000,16498.58930,b,l
2026-02-06 00:20:23,0.03805000,315.40188,b,l
2026-02-06 00:20:23,0.03805000,7763.20882,b,l
2026-02-06 00:20:23,0.03806000,7350.00000,b,l
2026-02-06 00:20:23,0.03806000,20160.74600,b,l
2026-02-06 00:20:23,0.03806000,315.40188,b,l
2026-02-06 00:20:23,0.03806000,315.40188,b,l
2026-02-06 00:20:23,0.03806000,315.40188,b,l
2026-02-06 00:20:24,0.03806000,315.40188,b,l
2026-02-06 00:20:24,0.03806000,315.40188,b,l
2026-02-06 00:20:24,0.03806000,3502.87142,b,l
2026-02-06 00:20:25,0.03806000,6568.57593,s,l
2026-02-06 00:20:25,0.03805000,6568.57593,s,l
2026-02-06 00:20:25,0.03805000,49218.63660,s,l
2026-02-06 00:20:25,0.03802000,4537.00170,s,l
2026-02-06 00:20:25,0.03802000,2036.92350,s,l
2026-02-06 00:20:26,0.03797000,4150.97970,s,l
2026-02-06 00:20:26,0.03797000,2431.45750,s,l
2026-02-06 00:20:29,0.03789000,413.43750,s,l
2026-02-06 00:20:29,0.03788000,32745.49366,s,l
2026-02-06 00:20:29,0.03787000,413.43750,s,l
2026-02-06 00:20:39,0.03802000,18732.36159,s,l
2026-02-06 00:20:40,0.03843000,2237.01760,b,l
2026-02-06 00:20:40,0.03842000,7350.00000,b,l
2026-02-06 00:20:40,0.03842000,4900.00000,b,l
2026-02-06 00:20:40,0.03842000,4245.34399,b,l
2026-02-06 00:20:40,0.03844000,3104.65601,b,l
2026-02-06 00:20:40,0.03844000,2450.00000,b,l
2026-02-06 00:20:40,0.03844000,7350.00000,b,l
2026-02-06 00:20:45,0.03796000,1685.74010,s,l
2026-02-06 00:20:45,0.03796000,4900.00000,s,l
2026-02-06 00:20:57,0.03809000,6563.40240,s,l
2026-02-06 00:20:57,0.03807000,6563.40246,s,l
2026-02-06 00:20:57,0.03804000,30847.81695,s,l
2026-02-06 00:20:57,0.03804000,24940.81294,s,l
2026-02-06 00:20:57,0.03809000,5015.07910,s,l
2026-02-06 00:20:57,0.03809000,13126.80492,s,l
2026-02-06 00:21:01,0.03841000,1014.22160,b,l
2026-02-06 00:21:01,0.03841000,2450.00000,b,l
2026-02-06 00:21:01,0.03841000,2450.00000,b,l
2026-02-06 00:21:01,0.03841000,1021.96000,b,l
2026-02-06 00:21:03,0.03824000,413.43750,s,l
2026-02-06 00:21:03,0.03823000,169.72870,s,l
2026-02-06 00:21:10,0.03879000,1428.04000,b,l
2026-02-06 00:21:10,0.03879000,2450.00000,b,l
2026-02-06 00:21:10,0.03879000,2450.00000,b,l
2026-02-06 00:21:10,0.03879000,6576.61600,b,l
2026-02-06 00:21:10,0.03882000,6440.19990,b,l
2026-02-06 00:21:11,0.03896000,315.40188,b,l
2026-02-06 00:21:32,0.03954000,413.43750,s,l
2026-02-06 00:21:33,0.03947000,413.43750,s,l
2026-02-06 00:21:33,0.03946000,11166.34261,s,l
2026-02-06 00:22:01,0.03944000,413.43750,b,m
2026-02-06 00:22:01,0.03945000,413.43750,b,m
2026-02-06 00:22:01,0.03945000,18141.88402,b,m
2026-02-06 00:22:01,0.03946000,413.43750,b,m
2026-02-06 00:22:01,0.03946000,6335.52965,b,m
2026-02-06 00:22:01,0.03947000,413.43750,b,m
2026-02-06 00:22:01,0.03947000,2513.14847,b,m
2026-02-06 00:22:06,0.03905000,766.81590,s,l
2026-02-06 00:22:07,0.03905000,2450.00000,s,l
2026-02-06 00:22:07,0.03905000,14700.00000,s,l
2026-02-06 00:22:07,0.03905000,2450.00000,s,l
2026-02-06 00:22:07,0.03905000,98.03570,s,l
2026-02-06 00:22:07,0.03905000,413.43750,s,l
2026-02-06 00:22:07,0.03905000,182.43044,s,l
2026-02-06 00:23:20,0.03930000,413.43750,s,l
2026-02-06 00:23:20,0.03928000,6364.55298,s,l
2026-02-06 00:24:16,0.03944000,413.43750,s,l
2026-02-06 00:24:36,0.03924000,413.43750,s,l
2026-02-06 00:24:36,0.03923000,413.43750,s,l
2026-02-06 00:25:28,0.03932000,413.43750,b,l
2026-02-06 00:25:28,0.03932000,861.66610,s,l
2026-02-06 00:25:36,0.03935000,413.43750,b,l
2026-02-06 00:25:36,0.03935000,692.80870,s,l
2026-02-06 00:25:52,0.03931000,413.43750,s,l
2026-02-06 00:25:52,0.03930000,413.43750,s,l
2026-02-06 00:26:05,0.03965000,306.18880,b,l
2026-02-06 00:27:30,0.03952000,413.43750,s,l
2026-02-06 00:27:36,0.03936000,24577.20000,s,l
2026-02-06 00:27:36,0.03935000,413.43750,s,l
2026-02-06 00:28:22,0.03929000,413.43750,s,l
2026-02-06 00:28:39,0.03956000,413.43750,b,l
2026-02-06 00:28:39,0.03959000,467.48550,b,l
2026-02-06 00:33:30,0.04073000,413.43750,s,l
2026-02-06 00:33:30,0.04072000,413.43750,s,l
2026-02-06 00:33:30,0.04072000,307.90254,s,l
2026-02-06 00:33:30,0.04072000,17814.76223,s,l
2026-02-06 00:33:30,0.04071000,6140.99729,s,l
2026-02-06 00:33:30,0.04071000,413.43750,s,l
2026-02-06 00:33:30,0.04070000,413.43750,s,l
2026-02-06 00:33:30,0.04070000,6140.99729,s,l
2026-02-06 00:33:30,0.04069000,413.43750,s,l
2026-02-06 00:33:30,0.04069000,6140.99729,s,l
2026-02-06 00:33:30,0.04068000,10887.15586,s,l
2026-02-06 00:33:50,0.04100000,1844.15390,b,l
2026-02-06 00:33:50,0.04100000,2450.00000,b,l
2026-02-06 00:33:50,0.04100000,5255.84610,b,l
2026-02-06 00:33:50,0.04100000,2450.00000,b,l
2026-02-06 00:34:28,0.04138000,19870.77974,b,l
2026-02-06 00:34:28,0.04138000,4706.42026,b,l
2026-02-06 00:34:28,0.04139000,7187.73364,b,l
2026-02-06 00:34:28,0.04139000,2450.00000,b,l
2026-02-06 00:34:41,0.04166000,4120.65930,b,l
2026-02-06 00:37:13,0.04202000,4092.71415,b,l
2026-02-06 00:39:23,0.04290000,9298.48481,s,l
2026-02-06 00:39:23,0.04289000,413.43750,s,l
2026-02-06 00:39:24,0.04283000,24577.20000,s,l
2026-02-06 00:39:24,0.04277000,413.43750,s,l
2026-02-06 00:39:24,0.04277000,5843.87729,s,l
2026-02-06 00:40:13,0.04272000,585.20590,s,l
2026-02-06 00:41:23,0.04234000,413.43750,s,l
2026-02-06 00:41:23,0.04233000,413.43750,s,l
2026-02-06 00:41:23,0.04233000,5905.83903,s,l
2026-02-06 00:42:59,0.04253000,298.17587,b,l
2026-02-06 00:42:59,0.04254000,115.26163,b,l
2026-02-06 00:42:59,0.04254000,413.43750,b,l
2026-02-06 00:42:59,0.04254000,2997.60135,b,l
2026-02-06 00:42:59,0.04256000,413.43750,b,l
2026-02-06 00:42:59,0.04256000,413.43750,b,l
2026-02-06 00:42:59,0.04256000,2697.89437,b,l
2026-02-06 00:42:59,0.04259000,1238.17113,b,l
2026-02-06 00:42:59,0.04256000,297.57290,b,l
2026-02-06 00:43:04,0.04252000,305.69094,b,l
2026-02-06 00:43:04,0.04253000,3221.23116,b,l
2026-02-06 00:43:04,0.04253000,305.69100,b,l
2026-02-06 00:43:09,0.04249000,302.92765,b,l
2026-02-06 00:43:09,0.04249000,3227.87865,b,l
2026-02-06 00:43:09,0.04251000,3529.41176,b,l
2026-02-06 00:43:19,0.04246000,413.43750,b,l
2026-02-06 00:43:19,0.04246000,413.43750,b,l
2026-02-06 00:43:19,0.04246000,413.43750,b,l
2026-02-06 00:43:19,0.04246000,413.43750,b,l
2026-02-06 00:43:19,0.04247000,413.43750,b,l
2026-02-06 00:43:19,0.04247000,413.43750,b,l
2026-02-06 00:43:19,0.04247000,413.43750,b,l
2026-02-06 00:43:19,0.04247000,413.43750,b,l
2026-02-06 00:43:19,0.04247000,413.43750,b,l
2026-02-06 00:43:21,0.04249000,413.43750,b,l
2026-02-06 00:43:21,0.04252000,2948.40550,b,l
2026-02-06 00:43:21,0.04252000,579.40820,b,l
2026-02-06 00:43:21,0.04253000,894.79460,b,l
2026-02-06 00:43:21,0.04253000,737.10140,b,l
2026-02-06 00:43:21,0.04253000,368.55070,b,l
2026-02-06 00:43:21,0.04253000,184.27530,b,l
2026-02-06 00:43:21,0.04253000,92.13770,b,l
2026-02-06 00:43:21,0.04253000,46.06880,b,l
2026-02-06 00:43:34,0.04239000,23.03440,b,l
2026-02-06 00:44:19,0.04267000,354.60280,b,l
2026-02-06 00:44:50,0.04265000,91.07454,b,l
2026-02-06 00:47:57,0.04297000,413.43750,s,m
2026-02-06 00:47:57,0.04296000,5819.36685,s,m
2026-02-06 00:47:57,0.04296000,645.97870,s,m
2026-02-06 00:47:57,0.04295000,413.43750,s,m
2026-02-06 00:47:57,0.04294000,5821.69460,s,m
2026-02-06 00:47:57,0.04293000,413.43750,s,m
2026-02-06 00:47:57,0.04292000,413.43750,s,m
2026-02-06 00:47:57,0.04292000,5823.81419,s,m
2026-02-06 00:47:57,0.04292000,8824.02446,s,m
2026-02-06 00:50:48,0.04298000,413.43750,s,l
2026-02-06 00:50:48,0.04297000,413.43750,s,l
2026-02-06 00:50:48,0.04297000,5817.73702,s,l
2026-02-06 00:51:45,0.04315000,5793.73411,s,l
2026-02-06 00:51:45,0.04314000,636.27646,s,l
2026-02-06 00:51:45,0.04314000,5792.40037,s,l
2026-02-06 00:51:45,0.04314000,413.43750,s,l
2026-02-06 00:53:02,0.04308000,413.43750,s,l
2026-02-06 00:53:02,0.04308000,5802.93036,s,l
2026-02-06 00:54:38,0.04337000,413.43750,s,l
2026-02-06 00:54:38,0.04336000,413.43750,s,l
2026-02-06 00:55:10,0.04344000,1441.63817,s,l
2026-02-06 00:55:11,0.04344000,2542.60460,s,l
2026-02-06 00:55:11,0.04344000,1770.82168,s,l
2026-02-06 00:55:11,0.04341000,4807.39540,s,l
2026-02-06 00:55:11,0.04341000,950.89512,s,l
2026-02-06 00:55:17,0.04336000,413.43750,s,l
2026-02-06 00:55:17,0.04336000,5765.64151,s,l
2026-02-06 01:02:39,0.04275000,413.43750,s,l
2026-02-06 01:02:39,0.04274000,5849.19482,s,l
2026-02-06 01:04:34,0.04288000,5828.97750,s,l
2026-02-06 01:06:52,0.04286000,413.43750,b,m
2026-02-06 01:06:52,0.04287000,413.43750,b,m
2026-02-06 01:06:52,0.04287000,1001.85295,b,m
2026-02-06 01:06:52,0.04288000,413.43750,b,m
2026-02-06 01:06:52,0.04288000,17814.76223,b,m
2026-02-06 01:06:52,0.04288000,4943.07232,b,m
2026-02-06 01:13:35,0.04324000,413.43750,b,l
2026-02-06 01:13:35,0.04325000,4046.38851,b,l
2026-02-06 01:13:35,0.04325000,413.43750,b,l
2026-02-06 01:19:54,0.04348000,2055.73340,b,l
2026-02-06 01:19:54,0.04348000,1969.10560,b,l
2026-02-06 01:19:54,0.04349000,2055.73340,b,l
2026-02-06 01:19:54,0.04349000,1487.28540,b,l
2026-02-06 01:35:24,0.04330000,558.46154,s,l
2026-02-06 01:43:59,0.04367000,2450.00000,s,l
2026-02-06 01:43:59,0.04367000,3274.75383,s,l
2026-02-06 01:43:59,0.04367000,248.16827,s,l
2026-02-06 01:47:25,0.04381000,413.43750,s,l
2026-02-06 01:47:25,0.04380000,5707.52708,s,l
2026-02-06 01:47:25,0.04380000,413.43750,s,l
2026-02-06 01:47:25,0.04379000,413.43750,s,l
2026-02-06 01:48:56,0.04401000,413.43750,s,l
2026-02-06 01:48:56,0.04401000,16987.88720,s,l
2026-02-06 01:48:56,0.04401000,413.43750,s,l
2026-02-06 02:00:49,0.04445000,3937.14871,b,l
2026-02-06 02:03:34,0.04431000,53.14460,s,l
2026-02-06 02:23:21,0.04326000,4648.67530,s,l
2026-02-06 02:23:21,0.04324000,5781.68362,s,l
2026-02-06 02:23:21,0.04324000,413.43750,s,l
2026-02-06 02:23:21,0.04324000,673.22376,s,l
2026-02-06 02:23:21,0.04323000,413.43750,s,l
2026-02-06 02:23:35,0.04313000,413.43750,s,l
2026-02-06 02:28:14,0.04322000,413.43750,b,l
2026-02-06 02:31:16,0.04325000,413.43750,s,l
2026-02-06 02:45:12,0.04366000,1189.69830,b,l
2026-02-06 02:46:19,0.04351000,4494.66790,s,l
2026-02-06 02:46:19,0.04351000,1189.69830,s,l
2026-02-06 02:46:19,0.04351000,2938.18610,s,l
2026-02-06 02:46:19,0.04351000,3304.96964,s,l
2026-02-06 02:56:07,0.04300000,2450.00000,s,l
2026-02-06 02:56:07,0.04300000,2450.00000,s,l
2026-02-06 02:56:07,0.04300000,3307.50000,s,l
2026-02-06 02:56:07,0.04300000,1595.03040,s,l
2026-02-06 02:56:07,0.04300000,2450.00000,s,l
2026-02-06 02:56:07,0.04300000,782.75140,s,l
2026-02-06 02:56:10,0.04300000,2450.00000,s,l
2026-02-06 02:56:12,0.04300000,2450.00000,s,l
2026-02-06 02:56:12,0.04300000,2450.00000,s,l
2026-02-06 02:56:12,0.04300000,420.53210,s,l
2026-02-06 02:56:12,0.04300000,2029.46790,s,l
2026-02-06 02:56:13,0.04300000,420.53210,s,l
2026-02-06 03:03:29,0.04325000,653.00000,s,l
2026-02-06 03:03:53,0.04342000,653.00000,s,l
2026-02-06 03:04:00,0.04343000,653.00000,s,l
2026-02-06 03:04:06,0.04345000,4026.90750,b,l
2026-02-06 03:04:06,0.04345000,1.62515,b,l
2026-02-06 03:04:06,0.04348000,4201.65450,b,l
2026-02-06 03:04:06,0.04348000,2450.00000,b,l
2026-02-06 03:04:06,0.04348000,2450.00000,b,l
2026-02-06 03:04:06,0.04350000,1727.88290,b,l
2026-02-06 03:04:06,0.04350000,260.38860,b,l
2026-02-06 03:04:06,0.04350000,2036.56259,b,l
2026-02-06 03:04:06,0.04352000,2450.00000,b,l
2026-02-06 03:04:45,0.04348000,413.43750,s,l
2026-02-06 03:04:45,0.04347000,413.43750,s,l
2026-02-06 03:04:45,0.04347000,5749.77000,s,l
2026-02-06 03:04:45,0.04345000,625.34255,s,l
2026-02-06 03:04:45,0.04345000,413.43750,s,l
2026-02-06 03:11:10,0.04303000,1322.71190,s,l
2026-02-06 03:11:10,0.04303000,1127.28810,s,l
2026-02-06 03:11:10,0.04303000,413.43750,s,l
2026-02-06 03:11:10,0.04303000,2450.00000,s,l
2026-02-06 03:11:10,0.04303000,493.76342,s,l
2026-02-06 03:11:10,0.04302000,559.64677,s,l
2026-02-06 03:11:10,0.04302000,1819.17443,s,l
2026-02-06 03:11:10,0.04302000,413.43750,s,l
2026-02-06 03:11:10,0.04302000,3577.28813,s,l
2026-02-06 03:11:25,0.04304000,413.43750,s,l
2026-02-06 03:11:25,0.04304000,5394.77054,s,l
2026-02-06 03:24:13,0.04301000,1611.90440,s,l
2026-02-06 03:25:10,0.04304000,2450.00000,s,l
2026-02-06 03:31:08,0.04344000,46.51186,s,l
2026-02-06 03:33:04,0.04345000,413.43750,s,l
2026-02-06 03:38:19,0.04331000,413.43750,s,l
2026-02-06 03:50:53,0.04321000,46.51180,s,l
2026-02-06 03:50:53,0.04321000,524.78575,s,l
2026-02-06 03:52:11,0.04309000,4641.53080,b,l
2026-02-06 03:57:40,0.04342000,2450.00000,b,l
2026-02-06 03:57:40,0.04342000,1898.02270,b,l
2026-02-06 03:57:40,0.04342000,258.46924,b,l
2026-02-06 03:57:41,0.04346000,3001.97730,b,l
2026-02-06 03:57:41,0.04346000,1601.01460,b,l
2026-02-06 03:58:07,0.04343000,5756.01681,s,l
2026-02-06 03:58:09,0.04340000,413.43750,s,l
2026-02-06 04:04:52,0.04335000,4613.61014,b,l
2026-02-06 04:35:46,0.04355000,614.48049,s,l
2026-02-06 04:35:46,0.04353000,499.91091,s,l
2026-02-06 04:35:46,0.04353000,986.53420,s,l
2026-02-06 04:35:46,0.04353000,2593.46790,s,l
2026-02-06 04:35:47,0.04353000,1335.60860,s,l
2026-02-06 04:48:39,0.04359000,613.50329,s,l
2026-02-06 04:48:39,0.04359000,413.43750,s,l
2026-02-06 04:54:35,0.04365000,5726.33958,s,l
2026-02-06 04:54:35,0.04364000,413.43750,s,l
2026-02-06 04:56:38,0.04374000,413.43750,s,l
2026-02-06 04:56:38,0.04373000,5716.89090,s,l
2026-02-06 04:56:38,0.04372000,4428.98750,b,l
2026-02-06 04:56:38,0.04372000,2450.00000,b,l
2026-02-06 04:57:00,0.04372000,295.16067,b,l
2026-02-06 04:57:00,0.04372000,295.16067,b,l
2026-02-06 04:57:00,0.04372000,295.16067,b,l
2026-02-06 04:57:00,0.04372000,295.16067,b,l
2026-02-06 04:57:00,0.04372000,295.16067,b,l
2026-02-06 04:57:00,0.04372000,456.21000,b,l
2026-02-06 05:03:31,0.04400000,388.97848,b,l
2026-02-06 05:03:31,0.04400000,24.45902,b,l
2026-02-06 05:03:31,0.04400000,4.54098,b,l
2026-02-06 05:05:20,0.04400000,413.43750,s,l
2026-02-06 05:05:20,0.04399000,413.43750,s,l
2026-02-06 05:05:20,0.04399000,5683.10979,s,l
2026-02-06 05:12:46,0.04446000,413.43750,b,l
2026-02-06 05:12:46,0.04447000,413.43750,b,l
2026-02-06 05:12:46,0.04447000,14125.18645,b,l
2026-02-06 05:12:56,0.04443000,413.43750,s,l
2026-02-06 05:12:56,0.04442000,5628.09545,s,l
2026-02-06 05:12:56,0.04441000,413.43750,s,l
2026-02-06 05:12:56,0.04440000,413.43750,s,l
2026-02-06 05:12:56,0.04440000,4341.30714,s,l
2026-02-06 05:20:01,0.04438000,413.43750,s,l
2026-02-06 05:20:01,0.04437000,5634.12179,s,l
2026-02-06 05:26:24,0.04415000,456.21000,s,l
2026-02-06 05:26:24,0.04415000,2298.88570,s,l
2026-02-06 05:26:47,0.04414000,5051.11430,s,l
2026-02-06 05:33:28,0.04458000,2450.00000,b,l
2026-02-06 05:33:28,0.04458000,7664.43676,b,l
2026-02-06 05:36:46,0.04466000,413.43750,b,m
2026-02-06 05:36:46,0.04467000,413.43750,b,m
2026-02-06 05:36:46,0.04467000,1623.12500,b,m
2026-02-06 05:36:46,0.04467000,2854.35954,b,m
2026-02-06 05:36:46,0.04468000,413.43750,b,m
2026-02-06 05:36:46,0.04468000,3177.65589,b,m
2026-02-06 05:36:47,0.04467000,1218.98382,b,m
2026-02-06 05:44:49,0.04483000,413.43750,b,l
2026-02-06 05:49:46,0.04476000,4469.04276,b,l
2026-02-06 05:51:36,0.04498000,2450.00000,b,l
2026-02-06 05:51:36,0.04498000,2450.00000,b,l
2026-02-06 05:52:31,0.04508000,663.64417,s,l
2026-02-06 05:54:45,0.04532000,2450.00000,s,l
2026-02-06 05:54:45,0.04532000,2450.00000,s,l
2026-02-06 06:11:45,0.04490000,2450.00000,s,l
2026-02-06 06:11:45,0.04490000,826.87510,s,l
2026-02-06 06:11:45,0.04490000,667.59710,s,l
2026-02-06 06:11:45,0.04490000,603.95700,s,l
2026-02-06 06:11:45,0.04490000,1019.16797,s,l
2026-02-06 06:11:49,0.04485000,2609.27800,s,l
2026-02-06 06:11:49,0.04485000,2450.00000,s,l
2026-02-06 06:11:49,0.04485000,413.43730,s,l
2026-02-06 06:11:49,0.04485000,101.02450,s,l
2026-02-06 06:16:37,0.04499000,2450.00000,s,l
2026-02-06 06:44:21,0.04424000,1034.28810,s,l
2026-02-06 06:44:21,0.04424000,2450.00000,s,l
2026-02-06 06:44:21,0.04424000,2450.00000,s,l
2026-02-06 06:44:21,0.04424000,2450.00000,s,l
2026-02-06 06:44:21,0.04424000,2450.00000,s,l
2026-02-06 06:44:21,0.04424000,2450.00000,s,l
2026-02-06 06:44:21,0.04424000,2450.00000,s,l
2026-02-06 06:44:21,0.04424000,2450.00000,s,l
2026-02-06 06:44:21,0.04424000,2450.00000,s,l
2026-02-06 06:44:21,0.04424000,750.94974,s,l
2026-02-06 06:44:21,0.04423000,623.97028,s,l
2026-02-06 06:57:53,0.04405000,5675.01743,s,l
2026-02-06 06:59:10,0.04395000,5687.51872,s,l
2026-02-06 06:59:10,0.04394000,289.97693,s,l
2026-02-06 06:59:10,0.04393000,5690.42847,s,l
2026-02-06 06:59:10,0.04393000,630.64414,s,l
2026-02-06 07:20:27,0.04373000,2450.00000,b,l
2026-02-06 07:20:27,0.04373000,1034.28810,b,l
2026-02-06 07:20:27,0.04373000,1661.56810,b,l
2026-02-06 07:20:30,0.04367000,5723.44322,s,l
2026-02-06 07:22:00,0.04381000,552.27293,s,l
2026-02-06 07:23:28,0.04379000,323.50513,s,m
2026-02-06 07:39:25,0.04385000,413.43750,s,l
2026-02-06 07:39:25,0.04384000,413.43750,s,l
2026-02-06 07:39:25,0.04383000,5703.42938,s,l
2026-02-06 07:39:25,0.04383000,413.43750,s,l
2026-02-06 07:39:25,0.04382000,413.43750,s,l
2026-02-06 07:39:25,0.04382000,5704.27187,s,l
2026-02-06 07:39:25,0.04382000,595.58314,s,l
2026-02-06 07:39:25,0.04381000,295.99750,s,l
2026-02-06 07:39:25,0.04380000,413.43750,s,l
2026-02-06 07:39:25,0.04379000,413.43750,s,l
2026-02-06 07:39:25,0.04379000,5708.77920,s,l
2026-02-06 07:39:25,0.04378000,413.43750,s,l
2026-02-06 07:39:25,0.04376000,15891.95132,s,l
2026-02-06 07:39:25,0.04376000,413.43750,s,l
2026-02-06 07:39:25,0.04374000,413.43750,s,l
2026-02-06 07:39:25,0.04363000,413.43750,s,l
2026-02-06 07:39:25,0.04362000,413.43750,s,l
2026-02-06 07:39:25,0.04361000,160.23779,s,l
2026-02-06 07:42:03,0.04389000,2450.00000,b,l
2026-02-06 07:42:03,0.04389000,2676.71503,b,l
2026-02-06 07:42:03,0.04392000,278.13577,b,l
2026-02-06 07:42:03,0.04393000,2996.41620,b,l
2026-02-06 07:42:03,0.04393000,2127.97585,b,l
2026-02-06 07:42:28,0.04381000,228.25830,s,l
2026-02-06 07:42:28,0.04379000,1838.92920,s,l
2026-02-06 07:42:28,0.04379000,1653.75000,s,l
2026-02-06 07:42:28,0.04379000,826.87500,s,l
2026-02-06 07:44:41,0.04373000,2450.00000,s,l
2026-02-06 07:44:41,0.04373000,2390.81090,s,l
2026-02-06 07:44:41,0.04373000,875.72800,s,l
2026-02-06 08:03:30,0.04334000,201.65120,b,l
2026-02-06 08:03:31,0.04334000,29.00000,b,l
2026-02-06 08:05:25,0.04342000,413.43750,b,l
2026-02-06 08:05:25,0.04342000,230.65120,b,l
2026-02-06 08:05:25,0.04342000,2630.34670,b,l
2026-02-06 08:05:25,0.04342000,875.72800,b,l
2026-02-06 08:05:25,0.04342000,1031.78040,b,l
2026-02-06 08:05:25,0.04346000,766.22150,b,l
2026-02-06 08:05:26,0.04346000,1552.14700,b,l
2026-02-06 08:05:26,0.04346000,2450.00000,b,l
2026-02-06 08:05:26,0.04346000,410.99797,b,l
2026-02-06 08:08:57,0.04358000,5736.36819,s,l
2026-02-06 08:17:09,0.04339000,5185.78268,b,l
2026-02-06 08:19:49,0.04319000,1017.67030,s,l
2026-02-06 08:19:49,0.04319000,2616.42110,s,l
2026-02-06 08:19:49,0.04319000,1432.32970,s,l
2026-02-06 08:19:49,0.04319000,720.83969,s,l
2026-02-06 08:19:49,0.04317000,2283.57890,s,l
2026-02-06 08:19:49,0.04317000,2450.00000,s,l
2026-02-06 08:19:49,0.04317000,1055.53702,s,l
2026-02-06 08:19:57,0.04319000,4771.44560,b,l
2026-02-06 08:19:57,0.04319000,413.43750,b,l
2026-02-06 08:19:57,0.04319000,24.75466,b,l
2026-02-06 08:22:17,0.04335000,5766.82727,s,l
2026-02-06 08:25:50,0.04330000,4461.80790,b,l
2026-02-06 08:25:50,0.04330000,734.94220,b,l
2026-02-06 08:25:50,0.04331000,271.46960,b,l
2026-02-06 08:25:50,0.04331000,2450.00000,b,l
2026-02-06 08:25:50,0.04331000,2450.00000,b,l
2026-02-06 08:25:51,0.04331000,23.73897,b,l
2026-02-06 08:25:51,0.04333000,2450.00000,b,l
2026-02-06 08:25:51,0.04333000,2450.00000,b,l
2026-02-06 08:25:51,0.04333000,294.90999,b,l
2026-02-06 08:25:51,0.04333000,2155.09001,b,l
2026-02-06 08:27:04,0.04334000,5768.34333,s,l
2026-02-06 08:27:23,0.04334000,5767.91930,s,l
2026-02-06 08:27:23,0.04331000,4900.00000,s,l
2026-02-06 08:27:23,0.04331000,871.65864,s,l
2026-02-06 08:27:23,0.04331000,1578.34136,s,l
2026-02-06 08:27:23,0.04330000,587.16490,s,l
2026-02-06 08:27:23,0.04329000,1938.04330,s,l
2026-02-06 08:27:23,0.04329000,491.00000,s,l
2026-02-06 08:27:23,0.04329000,799.42520,s,l
2026-02-06 08:27:23,0.04329000,2450.00000,s,l
2026-02-06 08:43:03,0.04312000,1324.16050,s,l
2026-02-06 08:43:03,0.04312000,2450.00000,s,l
2026-02-06 08:43:03,0.04312000,2023.39270,s,l
2026-02-06 08:43:03,0.04310000,426.60730,s,l
2026-02-06 08:43:03,0.04310000,188.87125,s,l
2026-02-06 08:43:04,0.04309000,413.43750,s,l
2026-02-06 08:43:04,0.04309000,167.50832,s,l
2026-02-06 08:43:04,0.04308000,2282.49168,s,l
2026-02-06 08:43:04,0.04308000,3519.72116,s,l
2026-02-06 08:44:04,0.04309000,2450.00000,b,l
2026-02-06 08:44:04,0.04309000,865.64570,b,l
2026-02-06 08:44:04,0.04309000,1905.98344,b,l
2026-02-06 08:44:04,0.04311000,413.43750,b,l
2026-02-06 08:44:04,0.04311000,2450.00000,b,l
2026-02-06 08:44:04,0.04311000,2356.01283,b,l
2026-02-06 08:44:04,0.04313000,438.02900,b,l
2026-02-06 08:44:04,0.04313000,4779.47058,b,l
2026-02-06 08:45:25,0.04315000,287.65010,b,l
2026-02-06 08:45:25,0.04315000,3465.74620,b,l
2026-02-06 08:45:25,0.04315000,1461.26236,b,l
2026-02-06 08:45:25,0.04316000,988.73764,b,l
2026-02-06 08:45:25,0.04316000,2450.00000,b,l
2026-02-06 08:45:25,0.04316000,2450.00000,b,l
2026-02-06 08:45:25,0.04319000,2450.00000,b,l
2026-02-06 08:45:25,0.04319000,2162.34990,b,l
2026-02-06 08:46:40,0.04319000,309.74820,b,l
2026-02-06 08:46:40,0.04319000,2450.00000,b,l
2026-02-06 08:46:40,0.04319000,2450.00000,b,l
2026-02-06 09:03:27,0.04324000,275.98000,b,l
2026-02-06 09:03:40,0.04325000,311.48491,b,l
2026-02-06 09:14:28,0.04319000,2450.00000,b,l
2026-02-06 09:14:28,0.04319000,620.18300,b,l
2026-02-06 09:14:28,0.04319000,311.48490,b,l
2026-02-06 09:14:28,0.04319000,1828.76694,b,l
2026-02-06 09:14:28,0.04323000,275.98000,b,l
2026-02-06 09:15:14,0.04320000,308.69810,s,l
2026-02-06 09:15:14,0.04320000,2450.00000,s,l
2026-02-06 09:15:14,0.04320000,413.43750,s,l
2026-02-06 09:15:14,0.04320000,2450.00000,s,l
2026-02-06 09:15:14,0.04320000,164.67135,s,l
2026-02-06 09:15:14,0.04317000,2285.32865,s,l
2026-02-06 09:15:14,0.04317000,2450.00000,s,l
2026-02-06 09:15:14,0.04317000,1055.64134,s,l
2026-02-06 09:15:14,0.04317000,626.93113,s,l
2026-02-06 09:15:14,0.04317000,767.42753,s,l
2026-02-06 09:15:14,0.04317000,2450.00000,s,l
2026-02-06 09:20:14,0.04321000,5785.16636,s,l
2026-02-06 09:21:29,0.04321000,2344.08530,b,l
2026-02-06 09:21:29,0.04321000,2555.91470,b,l
2026-02-06 09:21:29,0.04321000,307.52286,b,l
2026-02-06 09:24:09,0.04345000,2142.47720,b,l
2026-02-06 09:24:09,0.04345000,2450.00000,b,l
2026-02-06 09:24:09,0.04345000,586.35882,b,l
2026-02-06 09:24:56,0.04353000,5742.75973,s,l
2026-02-06 09:24:56,0.04352000,5744.48529,s,l
2026-02-06 09:28:49,0.04349000,413.43750,s,l
2026-02-06 09:28:49,0.04348000,5749.77000,s,l
2026-02-06 09:35:26,0.04394000,228.25830,b,l
2026-02-06 09:35:36,0.04397000,413.43750,s,l
2026-02-06 09:35:36,0.04396000,5686.76423,s,l
2026-02-06 09:40:18,0.04388000,136.73650,s,l
2026-02-06 09:49:27,0.04440000,136.73650,s,m
2026-02-06 09:50:30,0.04469000,413.43750,b,l
2026-02-06 09:56:26,0.04461000,413.43750,b,l
2026-02-06 10:01:43,0.04447000,5622.13032,b,l
2026-02-06 10:01:43,0.04448000,5622.83475,b,l
2026-02-06 10:01:57,0.04462000,541.25630,b,l
2026-02-06 10:03:50,0.04449000,3718.21620,s,l
2026-02-06 10:03:50,0.04449000,1900.79875,s,l
2026-02-06 10:03:50,0.04448000,17814.76223,s,l
2026-02-06 10:05:13,0.04436000,441.34120,b,l
2026-02-06 10:05:13,0.04436000,2450.00000,b,l
2026-02-06 10:05:13,0.04436000,2744.41860,b,l
2026-02-06 10:14:18,0.04439000,4209.94470,b,l
2026-02-06 10:14:18,0.04439000,1422.41343,b,l
2026-02-06 10:14:18,0.04440000,3140.05530,b,l
2026-02-06 10:14:18,0.04440000,1759.94470,b,l
2026-02-06 10:14:18,0.04440000,733.16809,b,l
2026-02-06 10:16:19,0.04479000,413.43750,s,l
2026-02-06 10:16:19,0.04478000,579.00372,s,l
2026-02-06 10:16:19,0.04478000,579.00372,s,l
2026-02-06 10:16:36,0.04475000,413.43750,s,l
2026-02-06 10:16:36,0.04474000,413.43750,s,l
2026-02-06 10:16:36,0.04473000,90.92259,s,l
2026-02-06 10:16:36,0.04473000,322.51491,s,l
2026-02-06 10:16:36,0.04473000,181.84518,s,l
2026-02-06 10:17:22,0.04477000,285.09126,s,l
2026-02-06 10:17:22,0.04477000,8451.06075,s,l
2026-02-06 10:18:00,0.04484000,317.86534,b,l
2026-02-06 10:18:00,0.04484000,10853.69600,b,l
2026-02-06 10:18:41,0.04483000,436.80760,b,l
2026-02-06 10:18:49,0.04484000,5575.37343,s,l
2026-02-06 10:19:48,0.04492000,2450.00000,b,l
2026-02-06 10:19:57,0.04493000,5564.36689,b,l
2026-02-06 10:20:03,0.04497000,5559.34766,b,l
2026-02-06 10:20:04,0.04504000,1225.46980,b,l
2026-02-06 10:20:04,0.04504000,2450.00000,b,l
2026-02-06 10:20:04,0.04504000,413.43750,b,l
2026-02-06 10:20:04,0.04504000,1462.93529,b,l
2026-02-06 10:20:05,0.04514000,317.86534,b,l
2026-02-06 10:20:05,0.04514000,15134.83360,b,l
2026-02-06 10:20:05,0.04514000,317.86534,b,l
2026-02-06 10:27:04,0.04519000,413.43750,b,l
2026-02-06 10:27:04,0.04520000,5532.36758,b,l
2026-02-06 10:27:04,0.04521000,413.43750,b,l
2026-02-06 10:28:09,0.04521000,413.43750,b,l
2026-02-06 10:28:09,0.04522000,413.43750,b,l
2026-02-06 10:28:09,0.04522000,4975.67448,b,l
2026-02-06 10:30:03,0.04521000,413.43750,b,l
2026-02-06 10:42:17,0.04524000,413.43750,b,l
2026-02-06 10:42:17,0.04525000,413.43750,b,l
2026-02-06 10:42:17,0.04525000,4972.72440,b,l
2026-02-06 10:55:05,0.04527000,268.36200,b,l
2026-02-06 11:17:05,0.04557000,1553.04100,b,l
2026-02-06 11:17:05,0.04557000,2450.00000,b,l
2026-02-06 11:17:05,0.04557000,934.77734,b,l
2026-02-06 11:17:05,0.04558000,1515.22266,b,l
2026-02-06 11:17:05,0.04558000,735.53400,b,l
2026-02-06 11:17:05,0.04558000,2450.00000,b,l
2026-02-06 11:17:05,0.04558000,2013.58690,b,l
2026-02-06 11:17:05,0.04558000,2450.00000,b,l
2026-02-06 11:17:05,0.04558000,2450.00000,b,l
2026-02-06 11:17:05,0.04558000,2450.00000,b,l
2026-02-06 11:17:05,0.04558000,1348.82470,b,l
2026-02-06 11:17:05,0.04558000,1101.17530,b,l
2026-02-06 11:17:05,0.04558000,1300.41867,b,l
2026-02-06 11:17:05,0.04559000,2450.00000,b,l
2026-02-06 11:17:05,0.04559000,896.95900,b,l
2026-02-06 11:17:05,0.04559000,1589.41660,b,l
2026-02-06 11:17:05,0.04559000,2.05260,b,l
2026-02-06 11:17:05,0.04560000,411.38490,b,l
2026-02-06 11:26:08,0.04529000,4968.22338,b,l
2026-02-06 11:26:08,0.04530000,4968.70999,b,l
2026-02-06 11:26:08,0.04530000,413.43750,b,l
2026-02-06 11:52:22,0.04561000,971.95050,b,l
2026-02-06 12:06:45,0.04523000,4974.82770,b,l
2026-02-06 12:09:18,0.04534000,1172.49220,s,l
2026-02-06 12:09:18,0.04534000,4341.25950,s,l
2026-02-06 12:09:18,0.04532000,282.53783,s,l
2026-02-06 12:09:18,0.04532000,476.51687,s,l
2026-02-06 12:09:18,0.04531000,1690.94530,s,l
2026-02-06 12:09:18,0.04531000,306.65850,s,l
2026-02-06 12:09:18,0.04531000,2450.00000,s,l
2026-02-06 12:09:18,0.04531000,723.10730,s,l
2026-02-06 12:09:18,0.04531000,345.61723,s,l
2026-02-06 12:09:18,0.04530000,5170.71107,s,l
2026-02-06 12:09:18,0.04530000,345.61726,s,l
2026-02-06 12:15:39,0.04530000,819.49162,s,l
2026-02-06 12:15:39,0.04530000,819.49162,s,l
2026-02-06 12:20:03,0.04548000,413.43750,s,l
2026-02-06 12:20:03,0.04547000,413.43750,s,l
2026-02-06 12:20:03,0.04547000,5497.50081,s,l
2026-02-06 12:21:19,0.04549000,413.43750,s,l
2026-02-06 12:24:08,0.04552000,1646.47960,s,l
2026-02-06 12:24:08,0.04552000,3845.52543,s,l
2026-02-06 12:25:06,0.04561000,413.43750,s,l
2026-02-06 12:54:44,0.04549000,846.44740,s,l
2026-02-06 12:54:45,0.04549000,2450.00000,s,l
2026-02-06 12:54:45,0.04549000,2199.04580,s,l
2026-02-06 13:16:01,0.04590000,413.43750,s,l
2026-02-06 13:16:01,0.04589000,5447.80998,s,l
2026-02-06 13:24:05,0.04638000,4627.79835,s,l
2026-02-06 13:27:58,0.04618000,268.55354,b,l
2026-02-06 13:27:58,0.04618000,5414.77149,b,l
2026-02-06 13:27:58,0.04619000,5413.08125,b,l
2026-02-06 13:27:58,0.04619000,413.43750,b,l
2026-02-06 13:29:46,0.04605000,413.43750,s,l
2026-02-06 13:29:46,0.04604000,413.43750,s,l
2026-02-06 13:29:46,0.04604000,10815.08690,s,l
2026-02-06 13:29:46,0.04603000,413.43750,s,l
2026-02-06 13:29:46,0.04603000,2896.66205,s,l
2026-02-06 13:30:42,0.04626000,413.43750,b,l
2026-02-06 13:30:42,0.04627000,413.43750,b,l
2026-02-06 13:30:42,0.04627000,5403.36777,b,l
2026-02-06 13:30:42,0.04628000,413.43750,b,l
2026-02-06 13:30:42,0.04628000,5403.83396,b,l
2026-02-06 13:30:42,0.04630000,413.43750,b,l
2026-02-06 13:30:42,0.04630000,5401.77894,b,l
2026-02-06 13:30:42,0.04630000,529.46928,b,l
2026-02-06 13:30:42,0.04630000,264.45160,b,l
2026-02-06 13:37:47,0.04621000,5408.02350,s,l
2026-02-06 14:00:11,0.04617000,413.43750,b,l
2026-02-06 14:00:11,0.04618000,413.43750,b,l
2026-02-06 14:07:04,0.04610000,413.43750,s,l
2026-02-06 14:07:04,0.04609000,413.43750,s,l
2026-02-06 14:07:04,0.04609000,5423.85720,s,l
2026-02-06 14:10:23,0.04599000,5435.61660,s,l
2026-02-06 14:18:11,0.04606000,413.43750,s,l
2026-02-06 14:20:46,0.04593000,413.43750,b,l
2026-02-06 14:20:46,0.04594000,5441.90498,b,l
2026-02-06 14:20:46,0.04594000,413.43750,b,l
2026-02-06 14:20:46,0.04595000,413.43750,b,l
2026-02-06 14:20:46,0.04595000,5441.88071,b,l
2026-02-06 14:20:49,0.04597000,5440.55759,b,l
2026-02-06 14:20:49,0.04599000,5436.92937,b,l
2026-02-06 14:20:49,0.04599000,9263.07063,b,l
2026-02-06 14:20:49,0.04599000,5992.47410,b,l
2026-02-06 14:32:02,0.04651000,5374.96502,s,l
2026-02-06 14:32:02,0.04650000,413.43750,s,l
2026-02-06 14:32:05,0.04657000,413.43750,b,l
2026-02-06 14:32:05,0.04658000,413.43750,b,l
2026-02-06 14:32:05,0.04658000,274.48427,b,l
2026-02-06 14:32:05,0.04659000,5365.95836,b,l
2026-02-06 14:32:05,0.04659000,413.43750,b,l
2026-02-06 14:32:05,0.04660000,413.43750,b,l
2026-02-06 14:32:05,0.04660000,5365.95836,b,l
2026-02-06 14:32:05,0.04661000,413.43750,b,l
2026-02-06 14:32:05,0.04661000,1934.78922,b,l
2026-02-06 14:32:20,0.04638000,5390.03900,s,l
2026-02-06 14:39:39,0.04714000,5303.15631,s,l
2026-02-06 14:39:39,0.04712000,5304.41551,s,l
2026-02-06 14:39:39,0.04712000,413.43750,s,l
2026-02-06 14:39:41,0.04713000,413.43750,s,l
2026-02-06 14:39:41,0.04712000,5305.02209,s,l
2026-02-06 14:39:41,0.04711000,413.43750,s,l
2026-02-06 14:39:41,0.04710000,5307.63387,s,l
2026-02-06 14:39:41,0.04710000,413.43750,s,l
2026-02-06 14:43:47,0.04702000,413.43750,b,l
2026-02-06 14:45:11,0.04725000,413.43760,b,l
2026-02-06 14:45:11,0.04725000,1680.91280,b,l
2026-02-06 14:45:11,0.04725000,2450.00000,b,l
2026-02-06 14:45:11,0.04725000,747.09490,b,l
2026-02-06 14:45:11,0.04729000,769.08720,b,l
2026-02-06 14:46:42,0.04747000,2450.00000,s,l
2026-02-06 14:46:42,0.04747000,2816.29387,s,l
2026-02-06 14:46:42,0.04746000,731.68470,s,l
2026-02-06 14:46:42,0.04746000,2083.70620,s,l
2026-02-06 14:47:08,0.04751000,1718.31530,s,l
2026-02-06 14:47:08,0.04751000,1093.53010,s,l
2026-02-06 14:47:08,0.04751000,2450.00000,s,l
2026-02-06 14:48:36,0.04739000,413.43750,s,l
2026-02-06 14:48:36,0.04738000,5274.30606,s,l
2026-02-06 14:48:36,0.04738000,413.43750,s,l
2026-02-06 14:48:36,0.04737000,413.43750,s,l
2026-02-06 14:48:36,0.04737000,5275.53343,s,l
2026-02-06 14:49:21,0.04730000,3806.46990,s,l
2026-02-06 14:49:21,0.04730000,1478.25880,s,l
2026-02-06 14:49:21,0.04729000,2450.00000,s,l
2026-02-06 14:49:21,0.04729000,2450.00000,s,l
2026-02-06 14:49:21,0.04729000,971.74120,s,l
2026-02-06 14:49:21,0.04729000,2450.00000,s,l
2026-02-06 14:49:45,0.04732000,826.87490,s,l
2026-02-06 14:49:45,0.04732000,444.81280,s,l
2026-02-06 14:49:45,0.04732000,413.43760,s,l
2026-02-06 14:49:45,0.04732000,382.06210,s,l
2026-02-06 14:49:45,0.04732000,2450.00000,s,l
2026-02-06 14:49:45,0.04732000,764.87471,s,l
2026-02-06 14:49:45,0.04731000,1685.12529,s,l
2026-02-06 14:49:45,0.04731000,1275.59220,s,l
2026-02-06 14:49:45,0.04731000,2321.44760,s,l
2026-02-06 14:49:45,0.04731000,128.55240,s,l
2026-02-06 14:49:45,0.04731000,2450.00000,s,l
2026-02-06 14:49:45,0.04731000,2067.93790,s,l
2026-02-06 14:49:45,0.04731000,2450.00000,s,l
2026-02-06 14:49:45,0.04731000,1174.40780,s,l
2026-02-06 14:49:45,0.04731000,2450.00000,s,l
2026-02-06 14:49:45,0.04731000,2450.00000,s,l
2026-02-06 14:49:45,0.04731000,1939.28251,s,l
2026-02-06 14:49:45,0.04729000,2450.00000,s,l
2026-02-06 14:49:45,0.04729000,2836.52992,s,l
2026-02-06 14:50:18,0.04707000,5311.34343,b,l
2026-02-06 14:50:43,0.04716000,2384.09530,b,l
2026-02-06 14:50:43,0.04716000,2450.00000,b,l
2026-02-06 14:50:43,0.04716000,1882.18820,b,l
2026-02-06 14:50:43,0.04716000,2450.00000,b,l
2026-02-06 14:50:43,0.04716000,2450.00000,b,l
2026-02-06 14:52:41,0.04728000,567.81180,b,l
2026-02-06 14:52:41,0.04728000,4900.00000,b,l
2026-02-06 14:52:41,0.04728000,2450.00000,b,l
2026-02-06 14:52:41,0.04728000,2450.00000,b,l
2026-02-06 14:52:41,0.04728000,567.81180,b,l
2026-02-06 14:52:41,0.04728000,3330.01471,b,l
2026-02-06 14:52:41,0.04728000,1569.98529,b,l
2026-02-06 14:52:41,0.04728000,2450.00000,b,l
2026-02-06 14:52:41,0.04728000,1267.66690,b,l
2026-02-06 14:53:51,0.04728000,413.43750,b,l
2026-02-06 14:53:51,0.04729000,413.43750,b,l
2026-02-06 14:53:51,0.04729000,5286.75839,b,l
2026-02-06 14:53:53,0.04729000,1835.47870,s,l
2026-02-06 14:53:53,0.04729000,2450.00000,s,l
2026-02-06 14:53:53,0.04730000,413.43750,b,l
2026-02-06 14:53:53,0.04730000,12894.56250,b,l
2026-02-06 15:00:02,0.04721000,2450.00000,s,l
2026-02-06 15:00:02,0.04721000,5710.67330,s,l
2026-02-06 15:03:40,0.04693000,275.36964,s,l
2026-02-06 15:06:37,0.04701000,810.67330,b,l
2026-02-06 15:06:37,0.04701000,2422.47500,b,l
2026-02-06 15:17:22,0.04690000,551.50540,b,l
2026-02-06 15:22:06,0.04694000,2477.52500,b,l
2026-02-06 15:22:06,0.04694000,413.43750,b,l
2026-02-06 15:22:06,0.04694000,1485.05710,b,l
2026-02-06 15:26:05,0.04688000,5332.45719,s,l
2026-02-06 15:26:05,0.04687000,413.43750,s,l
2026-02-06 15:26:05,0.04687000,5332.87131,s,l
2026-02-06 15:26:05,0.04686000,413.43750,s,l
2026-02-06 15:26:05,0.04686000,5333.90228,s,l
2026-02-06 15:33:16,0.04684000,20.75117,s,l
2026-02-06 15:33:31,0.04694000,2450.00000,b,l
2026-02-06 15:33:31,0.04694000,1911.24500,b,l
2026-02-06 15:33:31,0.04695000,2450.00000,b,l
2026-02-06 15:35:40,0.04692000,413.43750,s,l
2026-02-06 15:46:14,0.04695000,413.43750,s,l
2026-02-06 15:46:14,0.04694000,413.43750,s,l
2026-02-06 15:46:14,0.04694000,5325.69382,s,l
2026-02-06 15:46:14,0.04693000,5325.02232,s,l
2026-02-06 15:50:43,0.04685000,5336.05846,s,l
2026-02-06 15:54:03,0.04674000,413.43750,s,l
2026-02-06 15:54:03,0.04673000,5348.73769,s,l
2026-02-06 15:55:00,0.04678000,413.43750,s,l
2026-02-06 15:55:00,0.04677000,5344.98957,s,l
2026-02-06 15:55:00,0.04677000,413.43750,s,l
2026-02-06 15:56:10,0.04693000,258.11630,b,l
2026-02-06 15:56:10,0.04694000,2191.88370,b,l
2026-02-06 15:56:10,0.04694000,2450.00000,b,l
2026-02-06 15:56:10,0.04694000,1245.58160,b,l
2026-02-06 15:58:30,0.04687000,5332.83370,s,l
2026-02-06 15:58:30,0.04686000,5332.76450,s,l
2026-02-06 16:00:40,0.04677000,5344.96967,s,l
2026-02-06 16:00:40,0.04676000,413.43750,s,l
2026-02-06 16:01:39,0.04689000,413.43750,b,l
2026-02-06 16:02:21,0.04700000,258.11630,b,l
2026-02-06 16:02:26,0.04708000,413.43750,b,l
2026-02-06 16:02:26,0.04708000,5310.45716,b,l
2026-02-06 16:02:26,0.04708000,273.72316,b,l
2026-02-06 16:02:26,0.04709000,413.43750,b,l
2026-02-06 16:02:26,0.04710000,5307.91439,b,l
2026-02-06 16:02:26,0.04710000,413.43750,b,l
2026-02-06 16:02:48,0.04706000,5312.36719,s,l
2026-02-06 16:02:48,0.04705000,413.43750,s,l
2026-02-06 16:03:02,0.04708000,413.43750,s,l
2026-02-06 16:03:02,0.04707000,413.43750,s,l
2026-02-06 16:03:02,0.04707000,5310.90157,s,l
2026-02-06 16:03:02,0.04706000,413.43750,s,l
2026-02-06 16:04:08,0.04707000,2450.00000,b,l
2026-02-06 16:04:08,0.04707000,2450.00000,b,l
2026-02-06 16:04:12,0.04711000,5306.72893,s,l
2026-02-06 16:04:12,0.04710000,413.43750,s,l
2026-02-06 16:08:44,0.04735000,5278.71621,s,l
2026-02-06 16:08:55,0.04733000,710.44148,s,l
2026-02-06 16:08:55,0.04733000,4571.62063,s,l
2026-02-06 16:08:55,0.04731000,710.44148,s,l
2026-02-06 16:10:20,0.04751000,413.43750,s,l
2026-02-06 16:10:20,0.04751000,5262.00261,s,l
2026-02-06 16:10:20,0.04750000,413.43750,s,l
2026-02-06 16:10:20,0.04749000,413.43750,s,l
2026-02-06 16:10:20,0.04749000,8134.04436,s,l
2026-02-06 16:10:20,0.04748000,413.43750,s,l
2026-02-06 16:10:20,0.04748000,3601.41210,s,l
2026-02-06 16:12:14,0.04767000,2450.00000,s,l
2026-02-06 16:12:14,0.04767000,2450.00000,s,l
2026-02-06 16:12:14,0.04766000,2450.00000,s,l
2026-02-06 16:12:14,0.04766000,4900.00000,s,l
2026-02-06 16:13:03,0.04767000,413.43750,b,m
2026-02-06 16:13:03,0.04768000,1683.43815,b,m
2026-02-06 16:13:33,0.04784000,2450.00000,b,l
2026-02-06 16:13:34,0.04787000,413.43750,s,l
2026-02-06 16:15:06,0.04790000,573.26770,s,l
2026-02-06 16:15:06,0.04790000,4900.00000,s,l
2026-02-06 16:15:06,0.04790000,1303.46460,s,l
2026-02-06 16:15:06,0.04789000,2450.00000,s,l
2026-02-06 16:15:06,0.04789000,2450.00000,s,l
2026-02-06 16:15:06,0.04787000,2542.73460,s,l
2026-02-06 16:15:06,0.04787000,229.69390,s,l
2026-02-06 16:15:06,0.04787000,2450.00003,s,l
2026-02-06 16:16:24,0.04799000,413.43750,b,l
2026-02-06 16:16:24,0.04800000,413.43750,b,l
2026-02-06 16:16:24,0.04800000,7524.40589,b,l
2026-02-06 16:16:24,0.04801000,413.43750,b,l
2026-02-06 16:16:24,0.04801000,5207.75253,b,l
2026-02-06 16:16:24,0.04802000,2450.00000,b,l
2026-02-06 16:16:24,0.04802000,5916.75343,b,l
2026-02-06 16:16:24,0.04802000,3632.40737,b,l
2026-02-06 16:16:39,0.04820000,413.43750,s,l
2026-02-06 16:16:45,0.04810000,3571.05763,s,l
2026-02-06 16:18:48,0.04836000,499.04400,b,l
2026-02-06 16:19:45,0.04892000,2447.57667,b,l
2026-02-06 16:19:45,0.04893000,2452.42333,b,l
2026-02-06 16:19:45,0.04893000,2656.91654,b,l
2026-02-06 16:19:47,0.04894000,8540.05088,s,l
2026-02-06 16:19:47,0.04892000,2669.66421,s,l
2026-02-06 16:20:18,0.04904000,5097.87928,s,l
2026-02-06 16:20:18,0.04903000,413.43750,s,l
2026-02-06 16:20:18,0.04902000,5098.94970,s,l
2026-02-06 16:20:18,0.04901000,1674.50110,s,l
2026-02-06 16:20:18,0.04901000,3425.45810,s,l
2026-02-06 16:20:22,0.04897000,583.45440,s,l
2026-02-06 16:20:22,0.04897000,3375.52937,s,l
2026-02-06 16:21:00,0.04879000,413.43750,s,l
2026-02-06 16:21:03,0.04879000,967.49130,b,l
2026-02-06 16:21:03,0.04879000,2450.00000,b,l
2026-02-06 16:21:03,0.04879000,2450.00000,b,l
2026-02-06 16:21:12,0.04885000,413.43750,b,m
2026-02-06 16:21:12,0.04886000,413.43750,b,m
2026-02-06 16:21:12,0.04886000,5342.22379,b,m
2026-02-06 16:21:12,0.04887000,413.43750,b,m
2026-02-06 16:21:12,0.04888000,413.43750,b,m
2026-02-06 16:21:12,0.04888000,5115.37613,b,m
2026-02-06 16:21:12,0.04889000,413.43750,b,m
2026-02-06 16:21:12,0.04889000,5113.59652,b,m
2026-02-06 16:21:12,0.04890000,413.43750,b,m
2026-02-06 16:21:12,0.04891000,413.43750,b,m
2026-02-06 16:21:12,0.04893000,413.43750,b,m
2026-02-06 16:21:12,0.04893000,1251.67280,b,m
2026-02-06 16:21:40,0.04914000,2279.20228,b,m
2026-02-06 16:22:59,0.04838000,259.43994,b,l
2026-02-06 16:23:02,0.04836000,413.43750,b,l
2026-02-06 16:23:02,0.04837000,5168.49286,b,l
2026-02-06 16:23:02,0.04837000,413.43750,b,l
2026-02-06 16:23:02,0.04838000,413.43750,b,l
2026-02-06 16:23:02,0.04838000,5168.49286,b,l
2026-02-06 16:23:02,0.04839000,5166.35668,b,l
2026-02-06 16:23:02,0.04839000,413.43750,b,l
2026-02-06 16:23:04,0.04841000,413.43750,s,m
2026-02-06 16:23:04,0.04840000,8377.58429,s,m
2026-02-06 16:23:04,0.04839000,413.43750,s,m
2026-02-06 16:23:04,0.04838000,1776.23075,s,m
2026-02-06 16:23:15,0.04840000,413.43750,b,l
2026-02-06 16:23:30,0.04837000,1209.68750,b,l
2026-02-06 16:23:37,0.04847000,2450.00000,b,l
2026-02-06 16:23:37,0.04847000,2450.00000,b,l
2026-02-06 16:23:37,0.04847000,2450.00000,b,l
2026-02-06 16:23:37,0.04847000,826.87500,b,l
2026-02-06 16:23:37,0.04847000,1201.48264,b,l
2026-02-06 16:23:37,0.04848000,5157.40142,b,l
2026-02-06 16:23:54,0.04847000,775.45740,b,l
2026-02-06 16:23:54,0.04847000,51.41760,b,l
2026-02-06 16:24:11,0.04862000,413.43750,b,m
2026-02-06 16:24:11,0.04863000,413.43750,b,m
2026-02-06 16:24:11,0.04863000,5141.66384,b,m
2026-02-06 16:24:11,0.04864000,413.43750,b,m
2026-02-06 16:24:11,0.04865000,413.43750,b,m
2026-02-06 16:24:11,0.04865000,5141.15130,b,m
2026-02-06 16:24:11,0.04866000,413.43750,b,m
2026-02-06 16:24:11,0.04866000,606.16276,b,m
2026-02-06 16:24:23,0.04864000,5000.00000,b,m
2026-02-06 16:24:44,0.04864000,1653.75000,b,l
2026-02-06 16:24:44,0.04864000,413.43750,b,l
2026-02-06 16:25:54,0.04846000,413.43750,s,l
2026-02-06 16:25:54,0.04845000,413.43750,s,l
2026-02-06 16:25:54,0.04845000,9457.06599,s,l
2026-02-06 16:25:54,0.04844000,413.43750,s,l
2026-02-06 16:25:54,0.04843000,413.43750,s,l
2026-02-06 16:25:54,0.04843000,545.03910,s,l
2026-02-06 16:25:54,0.04843000,3352.52262,s,l
2026-02-06 16:26:06,0.04838000,413.43750,s,l
2026-02-06 16:26:52,0.04850000,413.43750,b,l
2026-02-06 16:26:52,0.04851000,5154.54257,b,l
2026-02-06 16:26:52,0.04854000,5152.51442,b,l
2026-02-06 16:26:52,0.04856000,413.43750,b,l
2026-02-06 16:26:52,0.04857000,5147.49080,b,l
2026-02-06 16:29:28,0.04854000,405.95361,s,l
2026-02-06 16:30:39,0.04825000,5181.89961,b,l
2026-02-06 16:30:45,0.04823000,413.43750,b,l
2026-02-06 16:30:45,0.04824000,413.43750,b,l
2026-02-06 16:30:45,0.04824000,9457.06599,b,l
2026-02-06 16:31:45,0.04827000,5179.20033,b,l
2026-02-06 16:33:13,0.04843000,679.91300,b,l
2026-02-06 16:33:41,0.04831000,2450.00000,s,l
2026-02-06 16:33:41,0.04831000,4900.00000,s,l
2026-02-06 16:33:41,0.04831000,2450.00000,s,l
2026-02-06 16:33:42,0.04831000,2450.00000,s,l
2026-02-06 16:33:42,0.04831000,2450.00000,s,l
2026-02-06 16:33:42,0.04831000,1274.16298,s,l
2026-02-06 16:33:42,0.04830000,2450.00000,s,l
2026-02-06 16:33:42,0.04830000,1549.88440,s,l
2026-02-06 16:34:04,0.04830000,2450.00000,b,l
2026-02-06 16:34:04,0.04830000,374.04730,b,l
2026-02-06 16:34:04,0.04830000,2351.93613,b,l
2026-02-06 16:34:04,0.04832000,2548.06387,b,l
2026-02-06 16:34:04,0.04832000,2548.06390,b,l
2026-02-06 16:34:04,0.04832000,2450.00000,b,l
2026-02-06 16:35:46,0.04827000,413.43750,b,m
2026-02-06 16:35:46,0.04828000,413.43750,b,m
2026-02-06 16:35:46,0.04828000,8428.03521,b,m
2026-02-06 16:35:46,0.04829000,3191.49037,b,m
2026-02-06 16:36:01,0.04834000,2983.24369,b,m
2026-02-06 16:38:21,0.04825000,2958.96373,b,m
2026-02-06 16:38:21,0.04825000,2222.38342,b,l
2026-02-06 16:40:13,0.04800000,2450.00000,s,l
2026-02-06 16:40:13,0.04800000,2450.00000,s,l
2026-02-06 16:40:13,0.04800000,1145.40280,s,l
2026-02-06 16:40:13,0.04800000,1304.59720,s,l
2026-02-06 16:40:13,0.04800000,2320.44730,s,l
2026-02-06 16:40:13,0.04800000,1145.40288,s,l
2026-02-06 16:40:20,0.04800000,2450.00000,b,l
2026-02-06 16:40:20,0.04800000,1145.40280,b,l
2026-02-06 16:48:34,0.04834000,2450.00000,b,l
2026-02-06 16:48:34,0.04834000,2450.00000,b,l
2026-02-06 16:49:31,0.04844000,2450.00000,b,l
2026-02-06 16:49:31,0.04844000,2450.00000,b,l
2026-02-06 16:55:06,0.04854000,9667.43593,s,l
2026-02-06 16:57:36,0.04811000,2450.00000,s,l
2026-02-06 16:57:36,0.04811000,2450.00000,s,l
2026-02-06 16:57:36,0.04811000,4900.00000,s,l
2026-02-06 16:57:36,0.04811000,4900.00000,s,l
2026-02-06 17:05:19,0.04818000,2450.00000,b,l
2026-02-06 17:05:19,0.04818000,2450.00000,b,l
2026-02-06 17:05:29,0.04819000,318.04947,b,l
2026-02-06 17:11:24,0.04812000,266.38850,b,l
2026-02-06 17:13:17,0.04798000,2450.00000,s,l
2026-02-06 17:13:17,0.04798000,2450.00000,s,l
2026-02-06 17:13:18,0.04798000,2450.00000,s,l
2026-02-06 17:15:54,0.04804000,59.14480,b,l
2026-02-06 17:15:54,0.04804000,303.99660,b,l
2026-02-06 17:15:54,0.04804000,4840.85526,b,l
2026-02-06 17:15:54,0.04807000,2146.00340,b,l
2026-02-06 17:16:31,0.04819000,2509.14480,b,l
2026-02-06 17:16:32,0.04819000,2450.00000,b,l
2026-02-06 17:16:32,0.04820000,1963.92430,b,l
2026-02-06 17:20:12,0.04837000,5168.43275,s,l
2026-02-06 17:20:12,0.04837000,13148.16877,s,l
2026-02-06 17:27:39,0.04862000,2522.63820,b,l
2026-02-06 17:27:39,0.04862000,2450.00000,b,l
2026-02-06 17:27:39,0.04862000,169.48486,b,l
2026-02-06 17:27:39,0.04862000,2280.51514,b,l
2026-02-06 17:27:39,0.04862000,2450.00000,b,l
2026-02-06 17:29:25,0.04885000,6350.66530,b,m
2026-02-06 17:30:45,0.04886000,3210.03130,b,l
2026-02-06 17:30:45,0.04886000,5096.77771,b,l
2026-02-06 17:30:45,0.04887000,5116.65979,b,l
2026-02-06 17:30:45,0.04889000,1276.53120,b,l
2026-02-06 17:30:45,0.04891000,5112.20121,b,l
2026-02-06 17:34:10,0.04936000,1991.28849,b,m
2026-02-06 17:34:12,0.04933000,31.02137,s,l
2026-02-06 17:35:00,0.04917000,2033.76040,s,l
2026-02-06 17:36:11,0.04868000,413.43750,s,m
2026-02-06 17:36:11,0.04868000,7928.51629,s,m
2026-02-06 17:39:20,0.04890000,8209.07793,s,l
2026-02-06 17:39:39,0.04887000,2452.80210,s,l
2026-02-06 17:39:55,0.04883000,7350.00000,s,l
2026-02-06 17:39:55,0.04883000,405.95360,s,l
2026-02-06 17:39:55,0.04883000,2048.22104,s,l
2026-02-06 17:40:05,0.04878000,413.43750,s,m
2026-02-06 17:40:05,0.04876000,413.43750,s,m
2026-02-06 17:40:05,0.04876000,18839.91417,s,m
2026-02-06 17:41:11,0.04892000,8224.20294,s,l
2026-02-06 17:42:22,0.04900000,2450.00000,b,l
2026-02-06 17:42:22,0.04900000,2048.22100,b,l
2026-02-06 17:42:42,0.04903000,3508.10515,s,l
2026-02-06 17:42:42,0.04902000,413.43750,s,l
2026-02-06 17:47:28,0.04893000,499.02240,s,l
2026-02-06 17:47:28,0.04893000,1011.62850,s,l
2026-02-06 17:47:28,0.04893000,4787.76020,s,l
2026-02-06 17:47:28,0.04893000,2450.00000,s,l
2026-02-06 17:47:28,0.04893000,525.91162,s,l
2026-02-06 17:47:29,0.04892000,42.05880,s,l
2026-02-06 17:47:29,0.04892000,456.96368,s,l
2026-02-06 17:47:29,0.04891000,933.25702,s,l
2026-02-06 17:47:29,0.04891000,3509.77930,s,l
2026-02-06 17:47:29,0.04891000,668.37210,s,l
2026-02-06 17:47:29,0.04888000,1348.37280,s,l
2026-02-06 17:47:29,0.04888000,881.45880,s,l
2026-02-06 17:47:29,0.04888000,2450.00000,s,l
2026-02-06 17:47:29,0.04888000,371.37870,s,l
2026-02-06 17:47:29,0.04888000,61.87641,s,l
2026-02-06 17:47:29,0.04887000,562.96949,s,l
2026-02-06 17:49:30,0.04873000,413.43750,b,l
2026-02-06 17:51:02,0.04861000,3085.78481,b,l
2026-02-06 17:51:02,0.04861000,413.43750,b,l
2026-02-06 17:55:09,0.04853000,2428.53930,s,l
2026-02-06 17:55:17,0.04854000,3090.23485,b,l
2026-02-06 17:55:43,0.04851000,17288.77508,s,m
2026-02-06 17:57:08,0.04857000,2450.00000,b,l
2026-02-06 17:57:08,0.04857000,638.75810,b,l
2026-02-06 17:57:08,0.04858000,1811.24190,b,l
2026-02-06 17:57:08,0.04858000,1277.16950,b,l
2026-02-06 17:57:08,0.04860000,2450.00000,b,l
2026-02-06 17:57:08,0.04860000,2573.57460,b,l
2026-02-06 17:57:08,0.04860000,16720.73535,b,l
2026-02-06 17:57:52,0.04855000,371.37870,b,l
2026-02-06 18:01:19,0.04836000,2462.01440,s,l
2026-02-06 18:01:19,0.04836000,2450.00000,s,l
2026-02-06 18:01:19,0.04836000,2450.00000,s,l
2026-02-06 18:01:19,0.04836000,1400.74414,s,l
2026-02-06 18:01:19,0.04834000,505.67109,s,l
2026-02-06 18:01:19,0.04832000,1944.32891,s,l
2026-02-06 18:01:19,0.04832000,517.56150,s,l
2026-02-06 18:01:19,0.04832000,2711.21674,s,l
2026-02-06 18:01:21,0.04821000,14766.32207,s,l
2026-02-06 18:05:51,0.04793000,1659.20740,s,l
2026-02-06 18:08:29,0.04758000,2627.15426,b,l
2026-02-06 18:08:43,0.04749000,2033.76040,s,m
2026-02-06 18:08:44,0.04753000,116.02770,b,l
2026-02-06 18:08:44,0.04753000,2450.00000,b,l
2026-02-06 18:08:44,0.04753000,63.89024,b,l
2026-02-06 18:08:44,0.04755000,2386.10976,b,l
2026-02-06 18:08:44,0.04755000,2450.00000,b,l
2026-02-06 18:08:44,0.04755000,1856.64460,b,l
2026-02-06 18:08:45,0.04758000,2627.48760,b,l
2026-02-06 18:16:03,0.04755000,1856.64460,s,l
2026-02-06 18:16:03,0.04755000,4900.00000,s,l
2026-02-06 18:16:03,0.04755000,2450.00000,s,l
2026-02-06 18:16:03,0.04755000,2450.00000,s,l
2026-02-06 18:16:03,0.04755000,9373.84961,s,l
2026-02-06 18:31:27,0.04734000,1064.80230,s,l
2026-02-06 18:31:27,0.04734000,4215.84811,s,l
2026-02-06 18:31:27,0.04734000,270.71439,s,l
2026-02-06 18:31:27,0.04734000,2450.00000,s,l
2026-02-06 18:31:27,0.04734000,3835.19770,s,l
2026-02-06 18:31:27,0.04734000,3421.76021,s,l
2026-02-06 18:31:27,0.04733000,5280.97482,s,l
2026-02-06 18:31:27,0.04732000,5281.65302,s,l
2026-02-06 18:33:01,0.04714000,77.77600,s,l
2026-02-06 18:34:04,0.04722000,77.77600,s,l
2026-02-06 18:34:04,0.04722000,5215.55733,s,l
2026-02-06 18:34:04,0.04722000,1891.67730,s,l
2026-02-06 18:41:54,0.04745000,457.09310,b,l
2026-02-06 18:41:54,0.04745000,666.91440,b,l
2026-02-06 18:41:54,0.04749000,2333.99130,b,l
2026-02-06 18:41:54,0.04749000,825.85240,b,l
2026-02-06 18:41:54,0.04748000,2450.00000,b,l
2026-02-06 18:41:54,0.04748000,20216.14880,b,l
2026-02-06 18:54:01,0.04733000,4900.00000,s,l
2026-02-06 18:54:01,0.04733000,382.06210,s,l
2026-02-06 19:03:29,0.04721000,273.59000,b,l
2026-02-06 19:03:29,0.04721000,243.63158,b,l
2026-02-06 19:08:40,0.04717000,413.43750,s,l
2026-02-06 19:08:42,0.04716000,413.43750,s,l
2026-02-06 19:08:42,0.04716000,5300.52079,s,l
2026-02-06 19:08:42,0.04715000,5301.83355,s,l
2026-02-06 19:08:42,0.04715000,413.43750,s,l
2026-02-06 19:08:42,0.04715000,17814.76223,s,l
2026-02-06 19:08:42,0.04714000,413.43750,s,l
2026-02-06 19:08:42,0.04714000,12485.57093,s,l
2026-02-06 19:11:01,0.04698000,382.06210,b,l
2026-02-06 19:11:01,0.04698000,2450.00000,b,l
2026-02-06 19:11:03,0.04698000,2450.00000,b,l
2026-02-06 19:11:03,0.04698000,2450.00000,b,l
2026-02-06 19:11:03,0.04698000,2450.00000,b,l
2026-02-06 19:11:03,0.04698000,817.93790,b,l
2026-02-06 19:16:55,0.04700000,1610.97490,s,l
2026-02-06 19:16:55,0.04700000,3707.49138,s,l
2026-02-06 19:16:55,0.04698000,583.24350,s,l
2026-02-06 19:16:55,0.04698000,2450.00000,s,l
2026-02-06 19:22:31,0.04703000,418.46620,b,l
2026-02-06 19:22:31,0.04703000,2450.00000,b,l
2026-02-06 19:22:31,0.04703000,2450.00000,b,l
2026-02-06 19:22:33,0.04703000,2450.00000,b,l
2026-02-06 19:23:01,0.04703000,2223.59157,b,l
2026-02-06 19:23:03,0.04710000,11209.71509,b,l
2026-02-06 19:38:43,0.04711000,25.23659,s,l
2026-02-06 19:47:15,0.04732000,3170.02244,b,l
2026-02-06 19:48:10,0.04731000,5284.04926,s,l
2026-02-06 19:48:17,0.04732000,3169.90700,b,l
2026-02-06 19:50:14,0.04732000,5282.89803,s,l
2026-02-06 19:57:27,0.04740000,1730.09300,b,l
2026-02-06 20:10:28,0.04705000,413.43750,b,l
2026-02-06 20:10:28,0.04706000,3187.45756,b,l
2026-02-06 20:10:28,0.04707000,413.43750,b,l
2026-02-06 20:10:28,0.04708000,413.43750,b,l
2026-02-06 20:10:28,0.04708000,11397.86812,b,l
2026-02-06 20:10:28,0.04709000,3185.42517,b,l
2026-02-06 20:10:28,0.04709000,413.43750,b,l
2026-02-06 20:10:28,0.04710000,413.43750,b,l
2026-02-06 20:10:28,0.04710000,10069.82048,b,l
2026-02-06 20:10:28,0.04710000,521.64671,b,l
2026-02-06 20:10:34,0.04711000,413.43750,b,l
2026-02-06 20:10:34,0.04711000,3184.09614,b,l
2026-02-06 20:26:11,0.04687000,413.43750,s,l
2026-02-06 20:26:11,0.04686000,5334.89339,s,l
2026-02-06 20:33:59,0.04712000,1240.31250,b,l
2026-02-06 20:33:59,0.04712000,357.81090,b,l
2026-02-06 20:33:59,0.04712000,2450.00000,b,l
2026-02-06 20:33:59,0.04712000,2450.00000,b,l
2026-02-06 20:33:59,0.04712000,2450.00000,b,l
2026-02-06 20:33:59,0.04712000,1667.85357,b,l
2026-02-06 20:33:59,0.04712000,782.14643,b,l
2026-02-06 20:33:59,0.04712000,413.43750,b,l
2026-02-06 20:33:59,0.04712000,1987.81244,b,l
2026-02-06 20:33:59,0.04714000,462.18756,b,l
2026-02-06 20:33:59,0.04714000,413.43750,b,l
2026-02-06 20:33:59,0.04714000,2450.00000,b,l
2026-02-06 20:33:59,0.04714000,1678.75160,b,l
2026-02-06 20:33:59,0.04714000,2523.75170,b,l
2026-02-06 20:33:59,0.04714000,2450.00000,b,l
2026-02-06 20:33:59,0.04714000,1556.81195,b,l
2026-02-06 20:33:59,0.04714000,3183.18479,b,l
2026-02-06 20:33:59,0.04716000,1962.81080,b,l
2026-02-06 20:33:59,0.04716000,704.00000,b,l
2026-02-06 20:34:12,0.04736000,8202.89857,b,l
2026-02-06 20:34:12,0.04737000,3166.69290,b,l
2026-02-06 20:34:12,0.04738000,248.35350,b,l
2026-02-06 20:34:12,0.04738000,1597.10150,b,l
2026-02-06 20:34:13,0.04738000,2450.00000,b,l
2026-02-06 20:34:34,0.04744000,5269.68184,s,l
2026-02-06 20:34:34,0.04743000,413.43750,s,l
2026-02-06 20:35:28,0.04756000,413.43750,s,l
2026-02-06 20:36:07,0.04774000,5236.69878,s,l
2026-02-06 20:36:15,0.04782000,413.43750,b,l
2026-02-06 20:36:15,0.04783000,413.43750,b,l
2026-02-06 20:36:15,0.04783000,3136.11371,b,l
2026-02-06 20:36:15,0.04783000,11397.10150,s,l
2026-02-06 20:36:15,0.04783000,2450.00000,s,l
2026-02-06 20:36:16,0.04783000,4172.90970,s,l
2026-02-06 20:43:56,0.04723000,3176.11112,b,l
2026-02-06 20:49:57,0.04729000,413.43750,b,l
2026-02-06 20:49:57,0.04730000,413.43750,b,l
2026-02-06 20:49:57,0.04730000,3171.41879,b,l
2026-02-06 20:49:57,0.04731000,413.43750,b,l
2026-02-06 20:49:57,0.04731000,10168.56466,b,l
2026-02-06 20:49:57,0.04732000,3170.03993,b,l
2026-02-06 20:49:57,0.04732000,413.43750,b,l
2026-02-06 20:49:57,0.04733000,3169.56583,b,l
2026-02-06 20:49:57,0.04733000,511.11154,b,l
2026-02-06 20:50:04,0.04733000,413.43750,b,l
2026-02-06 20:50:04,0.04733000,3287.34399,b,l
2026-02-06 20:50:04,0.04734000,413.43750,b,l
2026-02-06 20:50:04,0.04734000,533.83041,b,l
2026-02-06 20:50:04,0.04734000,3168.56780,b,l
2026-02-06 20:50:04,0.04735000,413.43750,b,l
2026-02-06 21:02:14,0.04724000,4900.00000,s,l
2026-02-06 21:02:14,0.04724000,313.65280,s,l
2026-02-06 21:07:33,0.04698000,2450.00000,s,l
2026-02-06 21:07:33,0.04698000,2450.00000,s,l
2026-02-06 21:07:33,0.04698000,2198.67530,s,l
2026-02-06 21:07:33,0.04698000,2191.62684,s,l
2026-02-06 21:07:33,0.04697000,258.37316,s,l
2026-02-06 21:07:33,0.04697000,2450.00000,s,l
2026-02-06 21:07:33,0.04697000,2450.00000,s,l
2026-02-06 21:07:46,0.04694000,2450.00000,s,l
2026-02-06 21:07:46,0.04694000,2156.50410,s,l
2026-02-06 21:07:46,0.04694000,293.49590,s,l
2026-02-06 21:07:46,0.04694000,5444.82067,s,l
2026-02-06 21:13:20,0.04707000,17814.76223,s,l
2026-02-06 21:16:35,0.04713000,413.43750,b,l
2026-02-06 21:21:00,0.04724000,413.43750,s,l
2026-02-06 21:27:31,0.04735000,413.43750,s,l
2026-02-06 21:27:31,0.04734000,413.43750,s,l
2026-02-06 21:27:31,0.04734000,5280.64876,s,l
2026-02-06 21:38:43,0.04718000,1653.75000,b,l
2026-02-06 21:38:43,0.04718000,1526.16911,b,l
2026-02-06 21:39:24,0.04716000,37.52900,s,l
2026-02-06 22:02:07,0.04728000,5703.88930,b,l
2026-02-06 22:02:08,0.04733000,375.90850,b,l
2026-02-06 22:03:20,0.04726000,2450.00000,b,l
2026-02-06 22:03:21,0.04726000,2450.00000,b,l
2026-02-06 22:04:17,0.04735000,2450.00000,b,l
2026-02-06 22:04:17,0.04735000,717.92680,b,l
2026-02-06 22:04:17,0.04737000,1732.07320,b,l
2026-02-06 22:18:14,0.04741000,7299.16031,b,l
2026-02-06 22:18:14,0.04742000,714.54110,b,l
2026-02-06 22:18:14,0.04742000,2450.00000,b,l
2026-02-06 22:53:11,0.04784000,5224.67320,s,l
2026-02-06 23:02:42,0.04787000,3133.48652,b,l
2026-02-06 23:02:42,0.04788000,3133.48652,b,l
2026-02-06 23:02:42,0.04789000,3133.48652,b,l
2026-02-06 23:02:42,0.04789000,541.84755,b,l
2026-02-06 23:02:42,0.04789000,11372.69289,b,l
2026-02-06 23:15:14,0.04753000,2104.12800,s,l
2026-02-06 23:16:09,0.04753000,3155.90153,b,l
2026-02-06 23:20:09,0.04737000,3166.56111,b,l
2026-02-06 23:20:09,0.04738000,3166.56111,b,l
2026-02-06 23:20:09,0.04739000,3167.07433,b,l
2026-02-06 23:20:38,0.04747000,2633.24204,b,l
2026-02-06 23:20:38,0.04749000,2632.24536,b,l
2026-02-06 23:26:02,0.04746000,1434.00000,b,l
2026-02-06 23:27:56,0.04750000,2631.57894,b,l
2026-02-06 23:27:56,0.04751000,2631.21521,b,l
2026-02-06 23:27:56,0.04752000,2631.57894,b,l
2026-02-06 23:27:56,0.04752000,374.27691,b,l
2026-02-07 00:05:06,0.04710000,357.27121,s,l
2026-02-07 00:11:16,0.04689000,2665.81360,b,l
2026-02-07 00:16:46,0.04714000,1012.50000,s,l
2026-02-07 00:16:46,0.04714000,1012.50000,s,l
2026-02-07 00:17:21,0.04692000,5328.03806,s,l
2026-02-07 00:17:21,0.04691000,1012.50000,s,l
2026-02-07 00:17:21,0.04691000,5329.20113,s,l
2026-02-07 00:17:21,0.04691000,12131.19145,s,l
2026-02-07 00:17:21,0.04691000,1190.04654,s,l
2026-02-07 00:22:39,0.04674000,17814.76223,s,l
2026-02-07 00:22:39,0.04673000,8587.27890,s,l
2026-02-07 00:22:39,0.04673000,87.41079,s,l
2026-02-07 00:22:39,0.04673000,925.08921,s,l
2026-02-07 00:22:39,0.04673000,2025.00000,s,l
2026-02-07 00:22:46,0.04675000,2673.79679,b,l
2026-02-07 00:23:38,0.04685000,2668.08964,b,l
2026-02-07 00:23:38,0.04686000,2668.08964,b,l
2026-02-07 00:23:38,0.04686000,17083.25090,b,l
2026-02-07 00:23:38,0.04686000,4530.66510,b,l
2026-02-07 00:27:01,0.04683000,1229.00000,b,l
2026-02-07 00:27:01,0.04683000,522.00000,b,l
2026-02-07 00:27:01,0.04683000,427.00000,b,l
2026-02-07 00:27:09,0.04673000,1203.00000,b,l
2026-02-07 00:27:09,0.04673000,1203.00000,b,l
2026-02-07 00:27:09,0.04674000,1229.00000,b,l
2026-02-07 00:27:09,0.04674000,1229.00000,b,l
2026-02-07 00:27:10,0.04674000,442.00000,b,l
2026-02-07 00:27:10,0.04674000,455.00000,b,l
2026-02-07 00:28:27,0.04664000,34.00000,b,l
2026-02-07 00:29:19,0.04662000,1215.00000,b,l
2026-02-07 00:29:19,0.04662000,447.00000,b,l
2026-02-07 00:29:19,0.04663000,1215.00000,b,l
2026-02-07 00:29:19,0.04663000,447.00000,b,l
2026-02-07 00:29:19,0.04664000,467.00000,b,l
2026-02-07 00:29:19,0.04662000,467.00000,b,l
2026-02-07 00:30:23,0.04661000,1012.50000,b,l
2026-02-07 00:30:23,0.04662000,2681.55494,b,l
2026-02-07 00:30:23,0.04664000,1012.50000,b,l
2026-02-07 00:30:23,0.04665000,1012.50000,b,l
2026-02-07 00:30:23,0.04665000,2680.10291,b,l
2026-02-07 00:30:23,0.04666000,2679.48170,b,l
2026-02-07 00:30:23,0.04666000,1012.50000,b,l
2026-02-07 00:30:23,0.04668000,1012.50000,b,l
2026-02-07 00:30:23,0.04668000,1943.29662,b,l
2026-02-07 00:37:33,0.04640000,1012.50000,b,l
2026-02-07 00:37:33,0.04641000,2693.38707,b,l
2026-02-07 00:39:03,0.04640000,1012.50000,b,l
2026-02-07 00:39:03,0.04641000,202.50000,b,l
2026-02-07 00:43:00,0.04645000,2691.25240,b,l
2026-02-07 00:47:16,0.04639000,549.00000,b,l
2026-02-07 00:48:40,0.04634000,6000.00000,s,l
2026-02-07 00:48:40,0.04634000,1284.09710,s,l
2026-02-07 00:48:40,0.04634000,4530.66510,s,l
2026-02-07 00:48:50,0.04635000,2696.87162,b,l
2026-02-07 00:50:38,0.04651000,455.00000,b,l
2026-02-07 00:50:38,0.04652000,455.00000,b,l
2026-02-07 00:52:41,0.04675000,1012.50000,b,l
2026-02-07 00:52:41,0.04676000,2673.22497,b,l
2026-02-07 00:52:41,0.04676000,1012.50000,b,l
2026-02-07 00:52:41,0.04677000,1012.50000,b,l
2026-02-07 00:53:28,0.04673000,1012.50000,s,l
2026-02-07 00:53:28,0.04672000,1012.50000,s,l
2026-02-07 00:53:28,0.04671000,1012.50000,s,l
2026-02-07 00:53:28,0.04671000,11343.21389,s,l
2026-02-07 00:53:28,0.04671000,5351.99716,s,l
2026-02-07 00:53:28,0.04670000,1012.50000,s,l
2026-02-07 00:53:45,0.04673000,2674.94441,b,l
2026-02-07 00:54:23,0.04675000,1012.50000,b,l
2026-02-07 00:54:23,0.04676000,1012.50000,b,l
2026-02-07 00:54:23,0.04676000,2673.27139,b,l
2026-02-07 01:03:41,0.04639000,1012.50000,b,l
2026-02-07 01:04:04,0.04643000,1012.50000,b,l
2026-02-07 01:04:04,0.04643000,1680.23456,b,l
2026-02-07 01:04:04,0.04645000,2023.50774,b,l
2026-02-07 01:05:01,0.04655000,21.46690,b,l
2026-02-07 01:05:06,0.04648000,180.81969,s,l
2026-02-07 01:05:22,0.04648000,296.23281,s,l
2026-02-07 01:11:07,0.04632000,1012.50000,b,l
2026-02-07 01:11:07,0.04633000,2158.42866,b,l
2026-02-07 01:11:07,0.04633000,1012.50000,b,l
2026-02-07 01:13:56,0.04629000,1012.50000,b,l
2026-02-07 01:16:58,0.04637000,2156.69638,b,l
2026-02-07 01:16:58,0.04639000,891.95452,b,l
2026-02-07 01:16:58,0.04639000,1263.68247,b,l
2026-02-07 01:16:58,0.04640000,2155.65267,b,l
2026-02-07 01:17:41,0.04646000,1012.50000,b,l
2026-02-07 01:17:41,0.04647000,1012.50000,b,l
2026-02-07 01:17:41,0.04647000,2152.13610,b,l
2026-02-07 01:18:46,0.04645000,2152.85250,b,l
2026-02-07 01:35:14,0.04648000,1335.35180,b,l
2026-02-07 01:35:14,0.04648000,816.11110,b,l
2026-02-07 01:36:47,0.04656000,2148.22770,b,l
2026-02-07 01:36:48,0.04658000,2147.09989,b,l
2026-02-07 01:36:48,0.04659000,2146.50501,b,l
2026-02-07 01:36:51,0.04659000,0.00013,b,l
2026-02-07 02:00:11,0.04684000,1012.50000,b,l
2026-02-07 02:00:11,0.04685000,1012.50000,b,l
2026-02-07 02:00:11,0.04685000,2134.74103,b,l
2026-02-07 02:00:58,0.04682000,2135.83938,b,l
2026-02-07 02:04:47,0.04695000,238.00280,s,l
2026-02-07 02:05:04,0.04697000,234.97280,s,l
2026-02-07 02:05:10,0.04697000,277.78596,s,l
2026-02-07 02:19:38,0.04727000,1012.50000,b,l
2026-02-07 02:19:38,0.04728000,1012.50000,b,l
2026-02-07 02:19:38,0.04723000,34.00000,s,l
2026-02-07 02:19:38,0.04733000,1012.50000,s,l
2026-02-07 02:19:38,0.04732000,5710.60968,s,l
2026-02-07 02:19:43,0.04735000,6092.62136,b,l
2026-02-07 02:19:43,0.04735000,2112.28774,b,l
2026-02-07 02:23:45,0.04733000,1012.50000,s,l
2026-02-07 02:23:45,0.04732000,5283.06209,s,l
2026-02-07 02:23:45,0.04732000,1012.50000,s,l
2026-02-07 02:32:42,0.04728000,3767.93010,s,l
2026-02-07 02:32:42,0.04728000,6000.00000,s,l
2026-02-07 02:32:42,0.04728000,1335.35180,s,l
2026-02-07 02:32:43,0.04727000,1520.58960,s,l
2026-02-07 02:32:43,0.04726000,6000.00000,s,l
2026-02-07 02:32:43,0.04729000,102.11200,b,l
2026-02-07 02:32:49,0.04716000,2120.44105,b,l
2026-02-07 02:49:01,0.04700000,2127.70686,b,l
2026-02-07 03:02:13,0.04737000,5656.17760,b,l
2026-02-07 03:02:13,0.04737000,343.82240,b,l
2026-02-07 03:02:13,0.04737000,2111.06331,b,l
2026-02-07 03:02:13,0.04737000,10615.94800,b,l
2026-02-07 03:02:13,0.04738000,586.69660,b,l
2026-02-07 03:02:13,0.04738000,1524.00846,b,l
2026-02-07 03:02:14,0.04741000,5107.00000,b,l
2026-02-07 03:02:14,0.04741000,1413.95880,b,l
2026-02-07 03:02:14,0.04741000,11293.80343,b,l
2026-02-07 03:02:14,0.04743000,2108.52926,b,l
2026-02-07 03:02:14,0.04748000,21063.51010,b,l
2026-02-07 03:05:01,0.04737000,202.81969,s,l
2026-02-07 03:05:12,0.04737000,253.70000,s,l
2026-02-07 03:05:24,0.04737000,359.24308,s,l
2026-02-07 03:06:59,0.04755000,1012.50000,b,m
2026-02-07 03:06:59,0.04756000,2102.72509,b,m
2026-02-07 03:06:59,0.04757000,1012.50000,b,m
2026-02-07 03:06:59,0.04758000,1012.50000,b,m
2026-02-07 03:06:59,0.04758000,2102.44816,b,m
2026-02-07 03:06:59,0.04758000,3072.42854,b,m
2026-02-07 03:07:46,0.04744000,4560.07000,s,l
2026-02-07 03:07:46,0.04744000,709.31040,s,l
2026-02-07 03:07:46,0.04742000,1439.93000,s,l
2026-02-07 03:09:35,0.04751000,2104.89120,b,l
2026-02-07 03:09:35,0.04754000,2103.77990,b,l
2026-02-07 03:09:57,0.04759000,1791.32890,b,l
2026-02-07 03:09:57,0.04759000,1994.83400,b,l
2026-02-07 03:09:57,0.04759000,669.72140,b,l
2026-02-07 03:09:57,0.04759000,1791.32890,b,l
2026-02-07 03:09:57,0.04759000,1325.11260,b,l
2026-02-07 03:09:57,0.04759000,1012.50000,b,l
2026-02-07 03:09:57,0.04759000,2461.05030,b,l
2026-02-07 03:09:57,0.04759000,312.61264,b,l
2026-02-07 03:09:57,0.04759000,1901.22446,b,l
2026-02-07 03:09:57,0.04759000,1012.50000,b,l
2026-02-07 03:09:58,0.04759000,872.43840,b,l
2026-02-07 03:09:58,0.04759000,2913.72450,b,l
2026-02-07 03:10:04,0.04759000,872.43840,b,l
2026-02-07 03:10:04,0.04759000,1341.39870,b,l
2026-02-07 03:10:04,0.04759000,1572.32580,b,l
2026-02-07 03:10:05,0.04759000,247.12562,b,l
2026-02-07 03:10:05,0.04759000,20.96953,b,l
2026-02-07 03:10:05,0.04759000,20.96953,b,l
2026-02-07 03:10:05,0.04759000,583.37376,b,l
2026-02-07 03:10:05,0.04759000,3202.78920,b,l
2026-02-07 03:10:05,0.04759000,583.37374,b,l
2026-02-07 03:10:05,0.04759000,3202.78920,b,l
2026-02-07 03:10:05,0.04759000,583.37374,b,l
2026-02-07 03:10:05,0.04759000,3202.78920,b,l
2026-02-07 03:10:05,0.04759000,247.12562,b,l
2026-02-07 03:10:05,0.04759000,336.24812,b,l
2026-02-07 03:10:05,0.04759000,3449.91482,b,l
2026-02-07 03:10:05,0.04759000,336.24812,b,l
2026-02-07 03:10:05,0.04759000,3449.91480,b,l
2026-02-07 03:10:05,0.04759000,336.24814,b,l
2026-02-07 03:10:05,0.04759000,3449.91480,b,l
2026-02-07 03:10:05,0.04759000,336.24814,b,l
2026-02-07 03:10:05,0.04759000,3449.91480,b,l
2026-02-07 03:10:05,0.04759000,336.24814,b,l
2026-02-07 03:10:05,0.04759000,0.00030,b,l
2026-02-07 03:11:44,0.04767000,5244.38850,s,l
2026-02-07 03:12:02,0.04777000,1012.50000,b,l
2026-02-07 03:12:19,0.04782000,5227.89433,s,l
2026-02-07 03:12:35,0.04779000,1715.58292,s,l
2026-02-07 03:13:42,0.04779000,2092.51320,b,l
2026-02-07 03:14:14,0.04768000,4915.46490,s,l
2026-02-07 03:14:14,0.04768000,327.64860,s,l
2026-02-07 03:16:21,0.04757000,2102.16523,b,l
2026-02-07 03:17:03,0.04762000,1012.50000,b,l
2026-02-07 03:17:03,0.04763000,1012.50000,b,l
2026-02-07 03:23:19,0.04740000,8746.79360,s,m
2026-02-07 03:23:19,0.04741000,2109.25964,b,l
2026-02-07 03:24:51,0.04748000,1400.75465,s,m
2026-02-07 03:25:22,0.04752000,17814.76220,s,l
2026-02-07 03:25:22,0.04751000,5262.01570,s,l
2026-02-07 03:25:34,0.04753000,2103.93513,b,l
2026-02-07 03:32:19,0.04754000,27.06451,s,l
2026-02-07 03:44:51,0.04758000,2101.82848,b,l
2026-02-07 03:44:51,0.04760000,2100.84033,b,l
2026-02-07 03:44:51,0.04760000,572.63479,b,l
2026-02-07 03:44:51,0.04766000,10513.85998,b,l
2026-02-07 03:44:51,0.04767000,255.52399,b,l
2026-02-07 03:44:51,0.04768000,6119.51383,b,l
2026-02-07 03:53:48,0.04762000,1012.50000,b,l
2026-02-07 03:53:48,0.04763000,1012.50000,b,l
2026-02-07 03:53:48,0.04763000,2099.72828,b,l
2026-02-07 03:53:58,0.04765000,1012.50000,b,l
2026-02-07 03:53:58,0.04765000,2098.80409,b,l
2026-02-07 03:54:14,0.04766000,2098.19555,b,l
2026-02-07 03:54:14,0.04766000,1012.50000,b,l
2026-02-07 03:56:05,0.04764000,5247.64681,s,m
2026-02-07 03:56:05,0.04763000,484.15845,s,m
2026-02-07 03:57:01,0.04756000,5256.18682,s,l
2026-02-07 03:57:01,0.04755000,453.53218,s,l
2026-02-07 03:57:01,0.04755000,4968.13060,s,l
2026-02-07 03:57:01,0.04755000,6000.00000,s,l
2026-02-07 03:57:01,0.04755000,6000.00000,s,l
2026-02-07 03:57:01,0.04755000,6000.00000,s,l
2026-02-07 03:57:01,0.04755000,1526.87400,s,l
2026-02-07 03:57:01,0.04755000,288.05627,s,l
2026-02-07 03:57:01,0.04754000,2.22473,s,l
2026-02-07 04:02:12,0.04770000,5239.99758,s,l
2026-02-07 04:02:12,0.04769000,1012.50000,s,l
2026-02-07 04:02:30,0.04765000,2098.64028,b,l
2026-02-07 04:02:30,0.04766000,1012.50000,b,l
2026-02-07 04:04:39,0.04778000,45.35120,b,l
2026-02-07 04:04:49,0.04772000,281.96000,s,l
2026-02-07 04:05:06,0.04768000,285.00000,s,l
2026-02-07 04:05:13,0.04772000,264.59155,s,l
2026-02-07 04:10:40,0.04769000,2096.93290,b,l
2026-02-07 04:10:40,0.04770000,6000.00000,b,l
2026-02-07 04:10:41,0.04770000,895.21590,b,l
2026-02-07 04:10:41,0.04770000,3615.01090,b,l
2026-02-07 04:10:41,0.04770000,1518.01570,b,l
2026-02-07 04:10:41,0.04773000,2095.18439,b,l
2026-02-07 04:11:54,0.04782000,5227.43379,s,l
2026-02-07 04:18:24,0.04764000,1012.50000,b,l
2026-02-07 04:18:24,0.04765000,1012.50000,b,l
2026-02-07 04:19:51,0.04764000,2099.50619,b,l
2026-02-07 04:19:51,0.04765000,12195.85056,b,l
2026-02-07 04:19:51,0.04766000,2098.53327,b,l
2026-02-07 04:19:51,0.04766000,1012.50000,b,l
2026-02-07 04:19:51,0.04767000,17814.76223,b,l
2026-02-07 04:19:51,0.04767000,1012.50000,b,l
2026-02-07 04:19:52,0.04768000,2097.51130,b,l
2026-02-07 04:19:53,0.04766000,2098.19555,b,l
2026-02-07 04:21:00,0.04766000,2098.55535,b,l
2026-02-07 04:22:08,0.04773000,2095.25340,b,l
2026-02-07 04:22:11,0.04781000,2091.61260,b,l
2026-02-07 04:26:22,0.04752000,1012.50000,b,l
2026-02-07 04:31:41,0.04751000,210.36024,b,l
2026-02-07 04:31:43,0.04756000,210.13920,b,l
2026-02-07 04:31:54,0.04759000,210.07300,b,l
2026-02-07 04:35:06,0.04738000,210.85925,b,l
2026-02-07 04:36:42,0.04729000,48.12340,b,l
2026-02-07 04:38:12,0.04715000,49.11062,s,l
2026-02-07 04:42:00,0.04701000,6000.00000,s,l
2026-02-07 04:42:00,0.04701000,2095.25340,s,l
2026-02-07 04:42:00,0.04701000,6000.00000,s,l
2026-02-07 04:42:00,0.04701000,3719.50880,s,l
2026-02-07 04:42:04,0.04698000,2128.56534,b,l
2026-02-07 04:56:38,0.04691000,2132.62170,b,l
2026-02-07 04:56:38,0.04692000,10644.56929,b,l
2026-02-07 04:56:38,0.04694000,1633.34430,b,l
2026-02-07 04:56:38,0.04694000,9011.22490,b,l
2026-02-07 04:57:07,0.04696000,1012.50000,b,l
2026-02-07 04:57:07,0.04697000,2129.46259,b,l
2026-02-07 04:57:07,0.04697000,1012.50000,b,l
2026-02-07 04:58:35,0.04697000,816.67220,b,l
2026-02-07 04:58:35,0.04697000,408.33610,b,l
2026-02-07 05:04:13,0.04712000,17814.76223,s,l
2026-02-07 05:04:44,0.04710000,34.36270,b,l
2026-02-07 05:04:57,0.04707000,65.68390,b,l
2026-02-07 05:05:02,0.04707000,45.15341,b,l
2026-02-07 05:05:02,0.04707000,33.86500,b,l
2026-02-07 05:05:17,0.04705000,418.45121,s,l
2026-02-07 05:05:20,0.04709000,114.63550,b,l
2026-02-07 05:05:20,0.04709000,57.31780,b,l
2026-02-07 05:05:20,0.04709000,28.65890,b,l
2026-02-07 05:08:44,0.04714000,9570.63122,s,l
2026-02-07 05:22:15,0.04723000,1012.50000,b,l
2026-02-07 05:22:15,0.04724000,1012.50000,b,l
2026-02-07 05:22:15,0.04724000,2116.88584,b,l
2026-02-07 05:25:25,0.04717000,525.79616,s,l
2026-02-07 05:25:25,0.04717000,1424.33780,s,l
2026-02-07 05:25:25,0.04717000,1609.57560,s,l
2026-02-07 05:25:25,0.04717000,6000.00000,s,l
2026-02-07 05:25:25,0.04717000,6000.00000,s,l
2026-02-07 05:25:25,0.04717000,2255.05267,s,l
2026-02-07 05:25:25,0.04716000,6000.00000,s,l
2026-02-07 05:25:25,0.04716000,6000.00000,s,l
2026-02-07 05:25:25,0.04716000,6000.00000,s,l
2026-02-07 05:25:26,0.04716000,4140.66240,s,l
2026-02-07 05:25:26,0.04716000,583.20670,s,l
2026-02-07 05:25:26,0.04716000,713.84789,s,l
2026-02-07 05:25:26,0.04715000,263.63090,s,l
2026-02-07 05:25:26,0.04714000,4.89271,s,l
2026-02-07 05:25:26,0.04714000,548.18552,s,l
2026-02-07 05:25:26,0.04712000,2082.48518,s,l
2026-02-07 05:37:50,0.04670000,1012.50000,b,l
2026-02-07 05:37:50,0.04671000,1012.50000,b,l
2026-02-07 05:37:50,0.04671000,2141.27121,b,l
2026-02-07 05:37:50,0.04672000,2140.49503,b,l
2026-02-07 05:41:29,0.04671000,1012.50000,b,l
2026-02-07 05:44:09,0.04676000,1012.50000,b,l
2026-02-07 05:44:09,0.04676000,2138.73780,b,l
2026-02-07 05:44:09,0.04677000,2138.17248,b,l
2026-02-07 05:47:32,0.04680000,834.40785,s,l
2026-02-07 05:53:29,0.04674000,1604.77803,b,l
2026-02-07 05:53:44,0.04675000,1012.50000,b,l
2026-02-07 05:53:44,0.04676000,1012.50000,b,l
2026-02-07 05:53:44,0.04676000,1603.93498,b,l
2026-02-07 05:53:44,0.04677000,1012.50000,b,l
2026-02-07 06:05:07,0.04675000,61.71866,s,l
2026-02-07 06:07:02,0.04679000,11209.71509,b,l
2026-02-07 06:07:06,0.04688000,1012.50000,b,l
2026-02-07 06:07:06,0.04689000,1012.50000,b,l
2026-02-07 06:12:21,0.04679000,12000.00000,s,l
2026-02-07 06:12:21,0.04679000,1403.23850,s,l
2026-02-07 06:12:21,0.04678000,6761.21410,s,l
2026-02-07 06:12:21,0.04678000,3459.24320,s,l
2026-02-07 06:12:21,0.04678000,7594.30493,s,l
2026-02-07 06:12:21,0.04677000,12000.00000,s,l
2026-02-07 06:12:21,0.04677000,2540.75680,s,l
2026-02-07 06:12:21,0.04677000,2334.72198,s,l
2026-02-07 06:12:21,0.04675000,2076.80172,s,l
2026-02-07 06:12:21,0.04675000,12412.44937,s,l
2026-02-07 06:12:21,0.04675000,267.43579,s,l
2026-02-07 06:12:23,0.04661000,17335.49451,s,l
2026-02-07 06:16:13,0.04658000,1147.72020,s,l
2026-02-07 06:16:13,0.04657000,5232.95730,s,l
2026-02-07 06:16:13,0.04657000,135.22021,s,l
2026-02-07 06:17:06,0.04653000,1611.97120,b,l
2026-02-07 06:22:16,0.04663000,1608.48777,b,l
2026-02-07 06:22:16,0.04663000,1012.50000,b,l
2026-02-07 06:22:16,0.04664000,1012.50000,b,l
2026-02-07 06:42:14,0.04684000,1601.30633,b,l
2026-02-07 06:42:14,0.04684000,18775.45120,b,l
2026-02-07 06:56:50,0.04640000,1616.70541,b,l
2026-02-07 06:56:50,0.04640000,1012.50000,b,l
2026-02-07 06:56:50,0.04641000,1012.50000,b,l
2026-02-07 06:59:54,0.04600000,3980.00000,s,l
2026-02-07 06:59:54,0.04600000,1012.50000,s,l
2026-02-07 06:59:54,0.04597000,1012.50000,s,l
2026-02-07 06:59:54,0.04597000,5437.93349,s,l
2026-02-07 06:59:54,0.04596000,1012.50000,s,l
2026-02-07 07:00:47,0.04600000,5434.40144,s,m
2026-02-07 07:00:47,0.04600000,573.48991,s,m
2026-02-07 07:00:47,0.04600000,439.01009,s,m
2026-02-07 07:00:47,0.04600000,1547.69325,s,m
2026-02-07 07:01:30,0.04616000,1012.50000,b,l
2026-02-07 07:05:56,0.04601000,1630.11240,b,l
2026-02-07 07:07:15,0.04588000,1634.69920,b,l
2026-02-07 07:07:36,0.04585000,1635.76881,b,l
2026-02-07 07:07:36,0.04585000,6030.64839,b,l
2026-02-07 07:07:36,0.04585000,6572.67357,b,l
2026-02-07 07:07:36,0.04586000,6567.39750,b,l
2026-02-07 07:07:36,0.04586000,11247.36473,b,l
2026-02-07 07:07:36,0.04587000,11065.77352,b,l
2026-02-07 07:07:36,0.04590000,1633.98690,b,l
2026-02-07 07:17:24,0.04524000,442.08665,b,m
2026-02-07 07:18:01,0.04513000,1661.86570,b,l
2026-02-07 07:18:01,0.04514000,1661.49750,b,l
2026-02-07 07:18:16,0.04512000,444.69954,s,m
2026-02-07 07:19:03,0.04547000,1649.73006,b,l
2026-02-07 07:21:22,0.04555000,1012.50000,b,l
2026-02-07 07:21:22,0.04556000,1646.18086,b,l
2026-02-07 07:30:44,0.04563000,21.89998,b,l
2026-02-07 07:35:51,0.04554000,1647.08220,b,l
2026-02-07 07:40:58,0.04591000,1012.50000,b,l
2026-02-07 07:40:58,0.04592000,1012.50000,b,l
2026-02-07 07:40:58,0.04592000,1633.35895,b,l
2026-02-07 07:52:51,0.04552000,1647.72950,b,l
2026-02-07 07:56:59,0.04544000,28.65000,b,l
2026-02-07 07:58:49,0.04541000,1012.50000,b,l
2026-02-07 07:58:49,0.04542000,1651.25495,b,l
2026-02-07 07:58:49,0.04542000,1012.50000,b,l
2026-02-07 07:59:05,0.04543000,1012.50000,b,l
2026-02-07 07:59:05,0.04543000,419.83000,b,l
2026-02-07 08:05:02,0.04550000,21.95820,b,l
2026-02-07 08:05:06,0.04554000,18.53917,s,l
2026-02-07 08:19:03,0.04543000,219.92756,b,l
2026-02-07 08:19:03,0.04543000,219.92756,b,l
2026-02-07 08:25:27,0.04572000,1573.90020,b,l
2026-02-07 08:25:27,0.04572000,67.14402,b,l
2026-02-07 08:25:27,0.04572000,2587.04808,b,l
2026-02-07 08:25:27,0.04572000,2652.89290,b,l
2026-02-07 08:25:27,0.04572000,12574.82125,b,l
2026-02-07 08:25:28,0.04574000,1640.39290,b,l
2026-02-07 08:37:05,0.04587000,486.00490,s,l
2026-02-07 08:37:05,0.04587000,4964.18040,s,l
2026-02-07 08:37:05,0.04587000,5513.99510,s,l
2026-02-07 08:37:05,0.04587000,6000.00000,s,l
2026-02-07 08:47:43,0.04582000,1012.50000,b,l
2026-02-07 08:47:43,0.04583000,1636.50259,b,l
2026-02-07 08:47:43,0.04583000,1012.50000,b,l
2026-02-07 08:57:38,0.04592000,217.61345,b,l
2026-02-07 08:57:38,0.04592000,217.61345,b,l
2026-02-07 09:25:17,0.04605000,1012.50000,b,l
2026-02-07 09:35:41,0.04593000,5443.06553,s,l
2026-02-07 09:37:05,0.04587000,1635.05550,b,l
2026-02-07 09:40:55,0.04568000,1012.50000,b,l
2026-02-07 09:40:55,0.04569000,1012.50000,b,l
2026-02-07 09:40:55,0.04569000,1641.52380,b,l
2026-02-07 09:40:55,0.04572000,1012.50000,b,l
2026-02-07 09:42:55,0.04578000,17814.76223,b,l
2026-02-07 09:42:55,0.04578000,1638.36847,b,l
2026-02-07 10:01:08,0.04562000,1644.05886,b,l
2026-02-07 10:06:18,0.04567000,5473.91512,s,l
2026-02-07 10:06:18,0.04566000,1012.50000,s,l
2026-02-07 10:06:18,0.04565000,5476.00954,s,l
2026-02-07 10:06:18,0.04565000,1012.50000,s,l
2026-02-07 10:27:59,0.04573000,12695.88570,b,l
2026-02-07 10:27:59,0.04573000,5118.87653,b,l
2026-02-07 10:27:59,0.04574000,1639.79676,b,l
2026-02-07 10:27:59,0.04577000,271.79916,b,l
2026-02-07 10:27:59,0.04576000,5682.75340,b,l
2026-02-07 10:27:59,0.04576000,12132.00883,b,l
2026-02-07 10:27:59,0.04581000,1637.33010,b,l
2026-02-07 10:27:59,0.04582000,1636.98210,b,l
2026-02-07 10:27:59,0.04581000,265.77560,b,l
2026-02-07 10:32:02,0.04579000,3944.49860,s,l
2026-02-07 10:32:02,0.04578000,2055.50140,s,l
2026-02-07 10:46:43,0.04570000,1604.02370,b,l
2026-02-07 10:46:43,0.04570000,2194.45120,b,l
2026-02-07 10:46:43,0.04570000,10941.78020,b,l
2026-02-07 10:46:43,0.04570000,3074.50713,b,l
2026-02-07 10:46:43,0.04572000,7867.27307,b,l
2026-02-07 10:46:43,0.04572000,284.33880,b,l
2026-02-07 10:46:43,0.04572000,2790.16841,b,l
2026-02-07 10:46:43,0.04573000,284.33885,b,l
2026-02-07 10:46:43,0.04573000,1355.97075,b,l
2026-02-07 10:46:43,0.04573000,284.33880,b,l
2026-02-07 10:46:43,0.04578000,1638.48050,b,l
2026-02-07 10:46:43,0.04578000,45.15110,b,l
2026-02-07 10:46:43,0.04578000,233.15647,b,l
2026-02-07 10:46:43,0.04586000,545.32717,b,l
2026-02-07 10:46:43,0.04586000,467.17283,b,l
2026-02-07 10:46:43,0.04593000,410.15434,b,l
2026-02-07 10:46:43,0.04593000,602.34566,b,l
2026-02-07 10:46:43,0.04593000,54.98151,b,l
2026-02-07 12:02:11,0.04598000,6000.00000,b,l
2026-02-07 12:02:11,0.04598000,6049.27860,b,l
2026-02-07 12:02:11,0.04598000,5765.48360,b,l
2026-02-07 12:02:11,0.04599000,234.51640,b,l
2026-02-07 12:02:11,0.04599000,47.69924,b,l
2026-02-07 12:18:52,0.04739000,1012.49990,b,l
2026-02-07 12:22:58,0.04734000,1584.28390,b,l
2026-02-07 12:22:58,0.04734000,1012.50000,b,l
2026-02-07 12:22:58,0.04735000,1012.50000,b,l
2026-02-07 12:22:58,0.04736000,1583.79299,b,l
2026-02-07 12:22:58,0.04736000,1012.50000,b,l
2026-02-07 12:26:02,0.04730000,1585.70697,b,l
2026-02-07 12:26:02,0.04731000,1585.42219,b,l
2026-02-07 12:26:02,0.04731000,1012.50000,b,l
2026-02-07 12:30:28,0.04750000,1012.50000,b,l
2026-02-07 12:30:28,0.04751000,1012.50000,b,l
2026-02-07 12:30:28,0.04751000,1578.89257,b,l
2026-02-07 12:30:28,0.04753000,1012.50000,b,l
2026-02-07 12:30:28,0.04755000,1012.50000,b,l
2026-02-07 12:30:28,0.04755000,268.57464,b,l
2026-02-07 12:33:07,0.04758000,5254.20620,s,l
2026-02-07 12:33:15,0.04760000,1575.63020,b,l
2026-02-07 12:37:39,0.04731000,10504.21871,s,l
2026-02-07 12:44:51,0.04714000,2289.27430,s,l
2026-02-07 12:44:51,0.04714000,3014.07741,s,l
2026-02-07 12:44:51,0.04713000,2985.92259,s,l
2026-02-07 12:44:51,0.04713000,2985.92260,s,l
2026-02-07 12:49:53,0.04718000,1012.50000,s,l
2026-02-07 12:49:53,0.04717000,419.83000,s,l
2026-02-07 12:51:49,0.04711000,5306.65090,s,l
2026-02-07 12:58:19,0.04710000,1592.56870,b,l
2026-02-07 13:38:51,0.04653000,2358.57860,s,l
2026-02-07 13:52:02,0.04659000,5365.95692,s,l
2026-02-07 14:23:53,0.04673000,1012.50000,s,l
2026-02-07 14:23:53,0.04672000,1012.50000,s,l
2026-02-07 14:23:53,0.04671000,1012.50000,s,l
2026-02-07 14:23:53,0.04671000,5351.51818,s,l
2026-02-07 14:23:53,0.04669000,1012.50000,s,l
2026-02-07 14:26:24,0.04677000,1603.60360,b,l
2026-02-07 14:36:09,0.04648000,1613.69131,b,l
2026-02-07 14:36:09,0.04649000,1613.59724,b,l
2026-02-07 14:39:03,0.04625000,504.93763,s,l
2026-02-07 14:39:03,0.04625000,3146.02707,s,l
2026-02-07 14:39:03,0.04625000,2259.10240,s,l
2026-02-07 14:39:04,0.04624000,513.11782,s,l
2026-02-07 14:41:27,0.04647000,5652.54068,s,l
2026-02-07 14:41:27,0.04647000,823.41750,s,l
2026-02-07 14:41:27,0.04647000,5379.52804,s,l
2026-02-07 14:42:52,0.04643000,1012.50000,b,l
2026-02-07 14:42:52,0.04644000,1615.15779,b,l
2026-02-07 14:42:52,0.04644000,1012.50000,b,l
2026-02-07 14:48:45,0.04626000,1632.97200,s,l
2026-02-07 14:48:45,0.04626000,6000.00000,s,l
2026-02-07 14:48:45,0.04626000,6000.00000,s,l
2026-02-07 14:49:00,0.04631000,1012.50000,b,l
2026-02-07 14:49:00,0.04632000,1012.50000,b,l
2026-02-07 14:49:01,0.04636000,1617.88569,b,l
2026-02-07 14:49:01,0.04636000,1012.50000,b,l
2026-02-07 14:49:01,0.04637000,1012.50000,b,l
2026-02-07 14:49:39,0.04639000,1012.50000,s,l
2026-02-07 14:56:12,0.04642000,1012.50000,b,l
2026-02-07 15:00:06,0.04645000,5382.12922,s,l
2026-02-07 15:00:06,0.04645000,617.87078,s,l
2026-02-07 15:02:32,0.04644000,1615.08598,b,l
2026-02-07 15:02:32,0.04644000,1615.08598,b,l
2026-02-07 15:02:32,0.04646000,1757.32812,b,l
2026-02-07 15:02:32,0.04646000,5069.78440,b,l
2026-02-07 15:02:32,0.04646000,1154.37280,b,l
2026-02-07 15:02:32,0.04646000,460.56348,b,l
2026-02-07 15:04:55,0.04677000,213.81227,b,m
2026-02-07 15:05:32,0.04679000,1012.50000,s,l
2026-02-07 15:09:53,0.04688000,1600.03308,b,l
2026-02-07 15:09:53,0.04689000,1599.60491,b,l
2026-02-07 15:10:22,0.04679000,849.43798,b,l
2026-02-07 15:22:24,0.04697000,1596.83290,b,l
2026-02-07 15:31:20,0.04701000,1595.55000,b,l
2026-02-07 16:05:09,0.04737000,1583.50700,b,l
2026-02-07 16:05:15,0.04710000,265.08140,s,l
2026-02-07 16:05:23,0.04687000,849.43798,s,m
2026-02-07 16:05:44,0.04763000,25948.19108,b,l
2026-02-07 16:05:44,0.04763000,2449.96700,b,l
2026-02-07 16:05:44,0.04763000,2109.50458,b,l
2026-02-07 16:05:51,0.04757000,1012.50000,s,l
2026-02-07 16:05:51,0.04756000,5256.51808,s,l
2026-02-07 16:06:13,0.04768000,1012.50000,s,l
2026-02-07 16:06:13,0.04767000,5244.29047,s,l
2026-02-07 16:06:13,0.04767000,266.18695,s,l
2026-02-07 16:06:13,0.04767000,472.02145,s,l
2026-02-07 16:08:27,0.04737000,186.25590,s,l
2026-02-07 16:08:27,0.04737000,3146.21660,s,l
2026-02-07 16:08:27,0.04737000,6000.00000,s,l
2026-02-07 16:08:27,0.04737000,4974.69380,s,l
2026-02-07 16:08:28,0.04737000,1609.75640,s,l
2026-02-07 16:08:28,0.04737000,1012.50000,s,l
2026-02-07 16:08:28,0.04737000,885.33953,s,l
2026-02-07 16:08:28,0.04733000,253.70398,s,l
2026-02-07 16:08:28,0.04731000,5746.29602,s,l
2026-02-07 16:08:28,0.04731000,3674.00730,s,l
2026-02-07 16:08:28,0.04731000,6000.00000,s,l
2026-02-07 16:08:28,0.04731000,133.44141,s,l
2026-02-07 16:08:28,0.04727000,12000.00000,s,l
2026-02-07 16:08:28,0.04727000,300.99270,s,l
2026-02-07 16:08:28,0.04727000,6000.00000,s,l
2026-02-07 16:08:29,0.04719000,3503.50460,s,l
2026-02-07 16:08:29,0.04719000,13515.04218,s,l
2026-02-07 16:08:29,0.04719000,6000.00000,s,l
2026-02-07 16:08:29,0.04719000,1012.50000,s,l
2026-02-07 16:08:29,0.04719000,721.46790,s,l
2026-02-07 16:08:30,0.04719000,956.59790,s,l
2026-02-07 16:08:53,0.04744000,24000.00000,b,l
2026-02-07 16:08:53,0.04744000,1709.11250,b,l
2026-02-07 16:11:53,0.04736000,450.51907,s,l
2026-02-07 16:11:53,0.04736000,5278.48253,s,l
2026-02-07 16:12:20,0.04730000,1012.50000,s,l
2026-02-07 16:13:53,0.04788000,1763.88419,s,l
2026-02-07 16:13:53,0.04788000,1709.11250,s,l
2026-02-07 16:13:56,0.04765000,1012.50000,s,l
2026-02-07 16:13:56,0.04765000,24959.68856,s,l
2026-02-07 16:13:56,0.04765000,5030.91100,s,l
2026-02-07 16:14:39,0.04771000,2095.99660,b,l
2026-02-07 16:15:05,0.04762000,1012.50000,s,l
2026-02-07 16:15:40,0.04794000,1012.50000,b,l
2026-02-07 16:15:41,0.04796000,10556.68837,b,l
2026-02-07 16:17:06,0.04817000,2075.98090,b,l
2026-02-07 16:19:29,0.04715000,1012.50000,b,l
2026-02-07 16:19:29,0.04716000,2120.86151,b,l
2026-02-07 16:20:17,0.04716000,1012.50000,b,l
2026-02-07 16:23:08,0.04736000,1252.68060,b,l
2026-02-07 16:23:08,0.04736000,858.93350,b,l
2026-02-07 16:23:50,0.04751000,2104.83032,b,l
2026-02-07 16:23:50,0.04750000,1964.99085,b,l
2026-02-07 16:30:29,0.04754000,117.64396,b,m
2026-02-07 16:46:47,0.04709000,117.64396,s,m
2026-02-07 17:16:42,0.04698000,1596.42400,b,l
2026-02-07 17:18:21,0.04693000,51.00000,s,l
2026-02-07 17:41:16,0.04729000,17814.76223,s,l
2026-02-07 17:48:34,0.04729000,1585.95897,b,l
2026-02-07 17:55:23,0.04707000,1593.52440,b,l
2026-02-07 18:05:20,0.04714000,1591.05466,b,l
2026-02-07 18:19:27,0.04733000,1584.92350,b,l
2026-02-07 18:22:05,0.04758000,1012.50000,s,l
2026-02-07 18:28:25,0.04748000,1012.50000,b,l
2026-02-07 18:28:25,0.04749000,1579.27984,b,l
2026-02-07 18:28:25,0.04750000,1012.50000,b,l
2026-02-07 18:28:25,0.04751000,1012.50000,b,l
2026-02-07 18:28:25,0.04751000,1578.94736,b,l
2026-02-07 18:33:38,0.04781000,1012.50000,b,l
2026-02-07 18:36:21,0.04785000,1012.50000,s,l
2026-02-07 19:03:37,0.04748000,1268.14810,b,l
2026-02-07 19:03:37,0.04748000,311.57180,b,l
2026-02-07 20:10:49,0.04726000,1587.04598,b,l
2026-02-07 20:12:31,0.04722000,1588.31003,b,l
2026-02-07 20:12:31,0.04722000,1012.50000,b,l
2026-02-07 20:20:02,0.04729000,1585.99305,b,l
2026-02-07 20:20:02,0.04730000,1586.28944,b,l
2026-02-07 20:20:02,0.04730000,1012.50000,b,l
2026-02-07 20:27:17,0.04735000,1334.95510,b,l
2026-02-07 20:27:17,0.04735000,249.94593,b,l
2026-02-07 20:27:17,0.04736000,440.09900,b,l
2026-02-07 20:27:17,0.04736000,1143.66994,b,l
2026-02-07 20:41:28,0.04751000,17814.76223,s,l
2026-02-07 20:41:28,0.04750000,2335.65820,s,l
2026-02-07 20:41:28,0.04750000,1007.52102,s,l
2026-02-07 20:52:44,0.04750000,1578.97210,b,l
2026-02-07 20:52:44,0.04752000,2590.45070,b,l
2026-02-07 20:52:44,0.04754000,1577.95076,b,l
2026-02-07 20:52:44,0.04756000,374.33220,b,l
2026-02-07 20:52:44,0.04756000,1012.50000,b,l
2026-02-07 20:52:44,0.04756000,190.35591,b,l
2026-02-07 20:52:57,0.04761000,1575.29930,b,l
2026-02-07 20:52:59,0.04769000,1572.66980,b,l
2026-02-07 20:53:24,0.04779000,1012.50000,b,l
2026-02-07 20:53:24,0.04780000,1012.50000,b,l
2026-02-07 20:53:56,0.04780000,1106.69655,s,l
2026-02-07 20:56:27,0.04766000,6000.00000,s,l
2026-02-07 20:56:27,0.04766000,6000.00000,s,l
2026-02-07 21:25:39,0.04759000,1575.98400,b,l
2026-02-07 21:25:39,0.04761000,1268.20590,b,l
2026-02-07 21:25:39,0.04761000,307.28177,b,l
2026-02-07 21:25:39,0.04762000,5692.71823,b,l
2026-02-07 21:25:39,0.04762000,6000.00000,b,l
2026-02-07 21:25:40,0.04764000,1574.32860,b,l
2026-02-07 21:25:40,0.04766000,268.26054,b,l
2026-02-07 23:04:56,0.04742000,51.00000,s,m
2026-02-07 23:39:34,0.04754000,472.50000,b,l
2026-02-07 23:39:34,0.04755000,472.50000,b,l
2026-02-07 23:39:34,0.04755000,1577.61884,b,l
2026-02-07 23:39:34,0.04756000,7385.71325,b,l
2026-02-07 23:39:34,0.04757000,472.50000,b,l
2026-02-07 23:39:34,0.04758000,1576.35010,b,l
2026-02-07 23:39:34,0.04758000,472.50000,b,l
2026-02-07 23:39:34,0.04759000,472.50000,b,l
2026-02-07 23:39:34,0.04759000,9611.81781,b,l
2026-02-07 23:57:05,0.04755000,1577.38900,b,l
2026-02-07 23:57:25,0.04756000,39.99400,b,l
2026-02-08 01:27:23,0.04721000,472.50000,s,l
2026-02-08 01:27:23,0.04720000,472.50000,s,l
2026-02-08 01:27:23,0.04720000,7408.36538,s,l
2026-02-08 01:28:03,0.04721000,10505.68837,s,l
2026-02-08 02:25:33,0.04714000,4875.72048,s,l
2026-02-08 03:21:47,0.04685000,275.78593,b,l
2026-02-08 03:21:47,0.04685000,196.71407,b,l
2026-02-08 03:21:47,0.04685000,945.00000,b,l
2026-02-08 03:26:01,0.04691000,472.50000,b,l
2026-02-08 03:26:01,0.04691000,1126.38456,b,l
2026-02-08 03:28:09,0.04697000,5322.32080,s,l
2026-02-08 03:34:11,0.04706000,472.50000,s,l
2026-02-08 03:34:11,0.04705000,5313.49628,s,l
2026-02-08 03:39:21,0.04707000,5310.96904,s,l
2026-02-08 03:39:21,0.04706000,472.50000,s,l
2026-02-08 03:39:21,0.04706000,5311.72053,s,l
2026-02-08 06:29:12,0.04664000,472.50000,s,l
2026-02-08 06:29:12,0.04663000,472.50000,s,l
2026-02-08 06:29:12,0.04663000,5361.32345,s,l
2026-02-08 06:30:06,0.04663000,5361.35530,s,l
2026-02-08 06:30:06,0.04662000,5362.02060,s,l
2026-02-08 06:52:42,0.04647000,5378.74446,s,l
2026-02-08 07:03:15,0.04653000,5372.87771,s,l
2026-02-08 07:03:15,0.04652000,472.50000,s,l
2026-02-08 07:03:46,0.04650000,5374.32930,s,l
2026-02-08 07:08:50,0.04643000,1417.50000,s,l
2026-02-08 07:08:51,0.04643000,3966.94970,s,l
2026-02-08 07:08:53,0.04637000,5391.38292,s,l
2026-02-08 07:08:53,0.04636000,472.50000,s,l
2026-02-08 07:15:47,0.04640000,12957.01506,b,l
2026-02-08 07:16:09,0.04640000,5387.93100,s,l
2026-02-08 07:20:26,0.04626000,5404.01052,s,l
2026-02-08 07:20:26,0.04624000,472.50000,s,l
2026-02-08 07:20:26,0.04623000,5405.62585,s,l
2026-02-08 07:20:26,0.04623000,472.50000,s,l
2026-02-08 07:20:26,0.04623000,526.85952,s,l
2026-02-08 07:33:36,0.04642000,2800.00000,b,l
2026-02-08 07:33:36,0.04642000,2800.00000,b,l
2026-02-08 07:33:36,0.04642000,1757.60800,b,l
2026-02-08 07:33:36,0.04642000,5600.00000,b,l
2026-02-08 07:33:36,0.04642000,2800.00000,b,l
2026-02-08 07:35:39,0.04650000,5376.34400,s,l
2026-02-08 07:35:39,0.04648000,5378.62530,s,l
2026-02-08 07:35:39,0.04648000,496.41458,s,l
2026-02-08 08:13:36,0.04647000,472.50000,s,l
2026-02-08 08:13:36,0.04646000,5380.63196,s,l
2026-02-08 08:13:36,0.04646000,472.50000,s,l
2026-02-08 08:14:49,0.04649000,5377.50050,s,l
2026-02-08 08:14:50,0.04647000,5379.81493,s,l
2026-02-08 08:17:58,0.04649000,5377.18256,s,l
2026-02-08 08:17:58,0.04648000,472.50000,s,l
2026-02-08 08:17:58,0.04648000,5378.47453,s,l
2026-02-08 08:22:20,0.04665000,5359.05680,s,l
2026-02-08 08:22:49,0.04668000,2800.00000,b,l
2026-02-08 08:22:49,0.04668000,2800.00000,b,l
2026-02-08 08:22:56,0.04675000,2800.00000,b,l
2026-02-08 08:22:56,0.04676000,2800.00000,b,l
2026-02-08 08:22:56,0.04676000,1217.90920,b,l
2026-02-08 08:22:56,0.04676000,7385.23785,b,l
