timestamp,price,volume,side,type
2026-02-05 20:45:50,0.2721270,192.46641300,s,l
2026-02-05 20:46:24,0.2719860,1096.32656247,b,l
2026-02-05 20:46:45,0.2719050,250.63911531,b,l
2026-02-05 20:47:00,0.2719620,17.84832300,b,l
2026-02-05 20:47:07,0.2719000,500.00000000,s,l
2026-02-05 20:47:07,0.2718900,1563.16547000,s,l
2026-02-05 20:48:04,0.2718280,306.30335400,b,l
2026-02-05 20:48:05,0.2719030,1096.87500000,b,l
2026-02-05 20:48:05,0.2719300,17.84832300,b,l
2026-02-05 20:48:05,0.2719300,1096.87500000,b,l
2026-02-05 20:48:05,0.2719590,1096.87500000,b,l
2026-02-05 20:48:48,0.2720350,16.35000000,b,m
2026-02-05 20:49:03,0.2717660,1096.87500000,s,l
2026-02-05 20:49:03,0.2717600,3193.33626000,s,l
2026-02-05 20:49:06,0.2718760,12.13390600,b,l
2026-02-05 20:49:27,0.2716140,22.80000000,s,l
2026-02-05 20:49:35,0.2717440,37.19623600,b,l
2026-02-05 20:49:42,0.2716740,24.65566399,s,l
2026-02-05 20:50:02,0.2718290,6.13270900,b,l
2026-02-05 20:50:03,0.2717500,3.85721400,s,l
2026-02-05 20:50:22,0.2717770,163.50000000,b,m
2026-02-05 20:50:26,0.2717770,21.64404300,b,l
2026-02-05 20:50:36,0.2716820,208.36826500,s,l
2026-02-05 20:51:04,0.2715440,342.00000000,s,l
2026-02-05 20:51:04,0.2715420,134.77268480,s,l
2026-02-05 20:51:07,0.2715270,15.35913775,s,l
2026-02-05 20:51:08,0.2715280,342.00000000,b,l
2026-02-05 20:51:08,0.2716050,454.12598230,s,l
2026-02-05 20:51:08,0.2717920,15.74900000,b,l
2026-02-05 20:51:09,0.2716050,642.74901770,s,l
2026-02-05 20:51:09,0.2715780,4602.72923432,s,l
2026-02-05 20:51:09,0.2715540,381.82542798,s,l
2026-02-05 20:51:14,0.2716810,46.31113500,b,l
2026-02-05 20:51:24,0.2718480,15.74900000,b,l
2026-02-05 20:51:26,0.2718490,678.90000000,b,m
2026-02-05 20:51:41,0.2720360,15.74900000,b,l
2026-02-05 20:51:57,0.2718370,15.74900000,b,l
2026-02-05 20:52:03,0.2716470,335.69419630,s,l
2026-02-05 20:52:05,0.2715750,80.12500000,s,m
2026-02-05 20:52:16,0.2716040,15.74900000,b,l
2026-02-05 20:52:28,0.2716550,80.12500000,b,l
2026-02-05 20:52:29,0.2716560,1096.87500000,b,l
2026-02-05 20:52:32,0.2717950,15.74900000,b,l
2026-02-05 20:52:48,0.2715680,124.56260170,s,l
2026-02-05 20:52:49,0.2717590,15.74900000,b,l
2026-02-05 20:53:05,0.2715420,4603.33944656,s,l
2026-02-05 20:53:05,0.2715140,1096.87500000,s,l
2026-02-05 20:53:05,0.2715050,55.24760130,s,l
2026-02-05 20:53:05,0.2714950,6698.69516214,s,l
2026-02-05 20:53:05,0.2716200,15.74900000,b,l
2026-02-05 20:53:06,0.2716200,1081.12600000,b,l
2026-02-05 20:53:24,0.2717220,15.74900000,b,l
2026-02-05 20:53:46,0.2714450,342.00000000,s,l
2026-02-05 20:53:46,0.2714440,908.00000000,s,l
2026-02-05 20:53:48,0.2714760,342.00000000,b,l
2026-02-05 20:54:19,0.2716780,83.54136900,b,l
2026-02-05 20:54:23,0.2713430,342.00000000,s,l
2026-02-05 20:54:30,0.2714090,1096.87500000,b,l
2026-02-05 20:54:30,0.2714120,342.00000000,b,l
2026-02-05 20:54:36,0.2714320,1096.87500000,s,l
2026-02-05 20:54:36,0.2714080,539.44755989,s,l
2026-02-05 20:54:59,0.2713100,30.12559885,s,l
2026-02-05 20:55:02,0.2712100,2033.31946858,s,l
2026-02-05 20:55:02,0.2711820,5299.40280442,s,l
2026-02-05 20:55:07,0.2716800,5.23209300,b,l
2026-02-05 20:55:14,0.2716370,1096.87500000,b,l
2026-02-05 20:55:14,0.2716370,1096.87500000,b,l
2026-02-05 20:55:15,0.2715010,547.30867817,s,l
2026-02-05 20:55:15,0.2716370,1096.87500000,b,l
2026-02-05 20:55:16,0.2716710,1096.87500000,b,l
2026-02-05 20:55:16,0.2716710,1096.87500000,b,l
2026-02-05 20:55:16,0.2716980,1474.84468040,b,l
2026-02-05 20:55:16,0.2716710,1096.87500000,b,l
2026-02-05 20:55:16,0.2716980,1096.87500000,b,l
2026-02-05 20:55:16,0.2715810,366.97247706,s,l
2026-02-05 20:55:16,0.2716860,1096.87500000,b,l
2026-02-05 20:55:16,0.2715570,1096.87500000,s,l
2026-02-05 20:55:16,0.2715540,342.00000000,s,l
2026-02-05 20:55:16,0.2715530,445.52930976,s,l
2026-02-05 20:55:16,0.2716580,1096.87500000,b,l
2026-02-05 20:55:23,0.2714200,5526.49031022,s,l
2026-02-05 20:55:23,0.2714190,25426.07705978,s,l
2026-02-05 20:55:26,0.2714240,1096.87500000,s,l
2026-02-05 20:55:26,0.2713980,20130.65970000,s,l
2026-02-05 20:55:46,0.2714870,4.74203400,b,l
2026-02-05 20:55:48,0.2716280,16.35000000,b,m
2026-02-05 20:55:49,0.2714160,1096.87500000,s,l
2026-02-05 20:55:53,0.2714040,1096.87500000,s,l
2026-02-05 20:55:53,0.2713770,5527.36598901,s,l
2026-02-05 20:55:53,0.2713760,708.48128399,s,l
2026-02-05 20:55:58,0.2714750,36.64309300,b,l
2026-02-05 20:56:01,0.2714360,1096.87500000,s,l
2026-02-05 20:56:06,0.2714670,1096.87500000,s,l
2026-02-05 20:56:06,0.2714540,5525.79810944,s,l
2026-02-05 20:56:07,0.2714290,41814.63000000,s,l
2026-02-05 20:56:07,0.2714280,5526.32742384,s,l
2026-02-05 20:56:07,0.2714280,1096.87500000,s,l
2026-02-05 20:56:07,0.2713970,1096.87500000,s,l
2026-02-05 20:56:07,0.2713690,1096.87500000,s,l
2026-02-05 20:56:07,0.2713570,9212.95562672,s,l
2026-02-05 20:56:07,0.2713460,9213.32324038,s,l
2026-02-05 20:56:07,0.2713280,1096.87500000,s,l
2026-02-05 20:56:07,0.2712570,1474.73593009,s,l
2026-02-05 20:56:07,0.2711670,130.41313368,s,l
2026-02-05 20:56:07,0.2711660,22044.57650220,s,l
2026-02-05 20:56:07,0.2711650,1096.87500000,s,l
2026-02-05 20:56:07,0.2711210,55.32585080,s,l
2026-02-05 20:56:07,0.2711200,36883.93937190,s,l
2026-02-05 20:56:07,0.2711090,1096.87500000,s,l
2026-02-05 20:56:07,0.2710890,36888.25092579,s,l
2026-02-05 20:56:07,0.2710810,1096.87500000,s,l
2026-02-05 20:56:07,0.2708360,6592.67180128,s,l
2026-02-05 20:56:07,0.2707060,656.08002028,s,l
2026-02-05 20:56:07,0.2707050,9185.24020930,s,l
2026-02-05 20:56:07,0.2706850,23514.93647800,s,l
2026-02-05 20:56:07,0.2706560,1310.45622674,s,l
2026-02-05 20:56:09,0.2712650,1474.57283468,s,l
2026-02-05 20:56:09,0.2713430,1096.87500000,b,l
2026-02-05 20:56:09,0.2713700,23514.93647800,b,l
2026-02-05 20:56:43,0.2714830,233.89734700,b,l
2026-02-05 20:57:11,0.2712410,266.72890300,s,l
2026-02-05 20:57:22,0.2716570,180.61756800,b,l
2026-02-05 20:57:27,0.2716430,39.82344200,b,l
2026-02-05 20:57:48,0.2713560,48.91284400,b,l
2026-02-05 20:58:17,0.2715290,16.42778500,b,l
2026-02-05 20:58:18,0.2715250,17.43745086,b,l
2026-02-05 20:58:42,0.2717770,93.74179447,b,l
2026-02-05 20:58:55,0.2715270,39.45810130,b,l
2026-02-05 20:59:36,0.2717840,111.16719614,b,l
2026-02-05 20:59:36,0.2717840,960.37828886,b,l
2026-02-05 21:00:06,0.2715000,68.34784000,s,l
2026-02-05 21:00:13,0.2717540,5.99379647,b,l
2026-02-05 21:00:25,0.2718290,30.71377400,b,l
2026-02-05 21:00:37,0.2718060,1096.87500000,b,l
2026-02-05 21:00:38,0.2719780,31.64026953,b,l
2026-02-05 21:00:38,0.2719780,1096.87499997,b,l
2026-02-05 21:00:39,0.2719860,1096.87500000,b,l
2026-02-05 21:00:39,0.2719980,640.18029594,b,l
2026-02-05 21:00:39,0.2719980,1096.87500000,b,l
2026-02-05 21:00:39,0.2719990,4382.97813886,b,l
2026-02-05 21:00:47,0.2719900,40.24734465,b,l
2026-02-05 21:00:49,0.2718220,2472.59056870,s,l
2026-02-05 21:00:50,0.2718220,1096.87500000,s,l
2026-02-05 21:00:50,0.2718210,2321.48781170,s,l
2026-02-05 21:00:52,0.2719730,19.93827354,b,l
2026-02-05 21:00:53,0.2719870,20.33703901,b,l
2026-02-05 21:00:54,0.2719870,352.86878120,b,l
2026-02-05 21:00:58,0.2719990,64.80867510,b,l
2026-02-05 21:00:58,0.2719990,21.52437014,b,l
2026-02-05 21:00:59,0.2719990,39.16016604,b,l
2026-02-05 21:01:00,0.2718630,2135.80244540,s,l
2026-02-05 21:01:01,0.2718340,1096.87500000,s,l
2026-02-05 21:01:01,0.2717350,5520.07741640,s,l
2026-02-05 21:01:01,0.2716810,2005.28118490,s,l
2026-02-05 21:01:01,0.2716700,2610.46172610,s,l
2026-02-05 21:01:02,0.2716700,1743.89496180,s,l
2026-02-05 21:01:09,0.2719420,18.32569078,b,l
2026-02-05 21:01:09,0.2719150,1096.87500000,b,l
2026-02-05 21:01:13,0.2717990,1096.87500000,s,l
2026-02-05 21:01:30,0.2715930,421.91810100,s,l
2026-02-05 21:01:35,0.2715920,36.81993578,s,l
2026-02-05 21:01:35,0.2715570,27.30890248,s,l
2026-02-05 21:01:36,0.2717430,12.62629100,b,l
2026-02-05 21:01:55,0.2716880,100.00000000,b,m
2026-02-05 21:02:04,0.2715160,10.41323300,s,l
2026-02-05 21:02:29,0.2718630,1096.87500000,b,l
2026-02-05 21:02:29,0.2718630,1096.87500000,b,l
2026-02-05 21:02:29,0.2719000,55.16734090,b,l
2026-02-05 21:02:29,0.2719000,1096.87500000,b,l
2026-02-05 21:02:32,0.2719580,356.07326286,b,l
2026-02-05 21:02:32,0.2719580,1096.87500000,b,l
2026-02-05 21:02:32,0.2719590,4019.49409304,b,l
2026-02-05 21:02:32,0.2719590,6447.68577350,b,l
2026-02-05 21:02:32,0.2719590,716.41752346,b,l
2026-02-05 21:02:32,0.2719590,1096.87500000,b,l
2026-02-05 21:02:32,0.2719940,1096.87500000,b,l
2026-02-05 21:02:33,0.2720000,35.69940200,b,l
2026-02-05 21:02:36,0.2719990,966.90000000,b,m
2026-02-05 21:02:52,0.2719960,54.26014480,b,l
2026-02-05 21:03:06,0.2720000,18596.94832222,b,l
2026-02-05 21:03:07,0.2720000,18887.08847903,b,l
2026-02-05 21:03:08,0.2720000,298.81534813,b,l
2026-02-05 21:03:08,0.2720000,16.35304569,b,l
2026-02-05 21:03:09,0.2720000,7332.72227300,b,l
2026-02-05 21:03:09,0.2720000,5994.92043640,b,l
2026-02-05 21:03:09,0.2720000,3655.42172388,b,l
2026-02-05 21:03:11,0.2720550,331.58676700,s,l
2026-02-05 21:03:21,0.2719630,1096.87500000,s,l
2026-02-05 21:03:21,0.2719630,1096.87500000,s,l
2026-02-05 21:03:22,0.2719360,707.90069420,s,l
2026-02-05 21:03:24,0.2720630,29.40495400,b,m
2026-02-05 21:03:26,0.2719790,673.70000000,b,m
2026-02-05 21:03:31,0.2718240,1096.87500000,s,l
2026-02-05 21:03:31,0.2718200,8901.40039980,s,l
2026-02-05 21:04:09,0.2721870,980.98354879,b,l
2026-02-05 21:04:11,0.2721880,231.25778000,b,l
2026-02-05 21:04:28,0.2721420,26.52224450,s,l
2026-02-05 21:04:28,0.2722140,379.60000000,b,m
2026-02-05 21:04:44,0.2722710,21.60117205,b,l
2026-02-05 21:04:52,0.2722500,941.58619600,b,l
2026-02-05 21:06:32,0.2719060,64.32370010,b,m
2026-02-05 21:06:45,0.2719690,410.89667700,b,l
2026-02-05 21:06:53,0.2719470,97.80000000,b,m
2026-02-05 21:07:23,0.2720010,36.40431300,b,l
2026-02-05 21:07:40,0.2717890,1096.87500000,s,l
2026-02-05 21:07:40,0.2717690,8545.79780900,s,l
2026-02-05 21:08:08,0.2719860,1096.87500000,b,l
2026-02-05 21:08:08,0.2719960,2472.63189200,b,l
2026-02-05 21:08:16,0.2718380,1096.87500000,s,l
2026-02-05 21:08:16,0.2718120,700.94044500,s,l
2026-02-05 21:08:40,0.2719360,483.69546700,b,l
2026-02-05 21:08:59,0.2718570,1096.87500000,s,l
2026-02-05 21:08:59,0.2718110,54.67505000,s,l
2026-02-05 21:10:11,0.2717410,1096.87500000,b,l
2026-02-05 21:10:21,0.2716660,1096.87500000,s,l
2026-02-05 21:10:21,0.2716630,4239.42531000,s,l
2026-02-05 21:10:24,0.2717050,43.32149900,b,l
2026-02-05 21:10:32,0.2717020,3.66219200,b,l
2026-02-05 21:11:00,0.2717000,349.72396025,s,l
2026-02-05 21:11:09,0.2714970,1096.87500000,s,l
2026-02-05 21:11:09,0.2714360,1473.10659767,s,l
2026-02-05 21:11:09,0.2714350,1096.87500000,s,l
2026-02-05 21:11:09,0.2714160,7127.96719433,s,l
2026-02-05 21:11:15,0.2715200,1096.87500000,b,l
2026-02-05 21:11:15,0.2715360,1096.87500000,b,l
2026-02-05 21:11:15,0.2715390,305.59568700,b,l
2026-02-05 21:11:15,0.2715400,1096.87500000,b,l
2026-02-05 21:11:16,0.2715470,1984.50324930,b,l
2026-02-05 21:11:25,0.2714980,1473.10659760,s,l
2026-02-05 21:11:31,0.2714350,1096.87500000,s,l
2026-02-05 21:11:31,0.2713840,1473.81219948,s,l
2026-02-05 21:11:31,0.2713680,491.64829152,s,l
2026-02-05 21:11:58,0.2714870,1473.26936888,s,l
2026-02-05 21:11:58,0.2714640,5525.57460964,s,l
2026-02-05 21:11:58,0.2714430,1096.87500000,s,l
2026-02-05 21:11:58,0.2714190,403.70721148,s,l
2026-02-05 21:12:00,0.2714380,342.00000000,s,l
2026-02-05 21:12:00,0.2714380,1096.87500000,s,l
2026-02-05 21:12:00,0.2714290,16934.81500000,s,l
2026-02-05 21:12:29,0.2715070,1096.87500000,b,l
2026-02-05 21:12:41,0.2713820,32.20881453,s,l
2026-02-05 21:12:41,0.2715290,85.14366400,b,l
2026-02-05 21:13:10,0.2715300,3097.37671220,b,l
2026-02-05 21:13:10,0.2715300,5985.52529930,b,l
2026-02-05 21:13:10,0.2715300,2100.69537850,b,l
2026-02-05 21:13:10,0.2715310,2210.58238940,b,l
2026-02-05 21:13:10,0.2715310,5954.28489190,b,l
2026-02-05 21:13:10,0.2715310,9.02658800,b,l
2026-02-05 21:13:51,0.2715190,3548.33382520,s,l
2026-02-05 21:14:00,0.2715350,989.75871030,b,m
2026-02-05 21:14:41,0.2716230,49.71252300,b,l
2026-02-05 21:15:14,0.2714460,460.49674705,b,l
2026-02-05 21:15:14,0.2714490,5613.28065365,b,l
2026-02-05 21:15:14,0.2714490,3043.23144730,b,l
2026-02-05 21:15:14,0.2714490,2527.08528905,b,l
2026-02-05 21:15:26,0.2712750,1096.87500000,s,l
2026-02-05 21:15:26,0.2712660,1474.84468041,s,l
2026-02-05 21:15:26,0.2712060,1096.87500000,s,l
2026-02-05 21:15:26,0.2711790,2237.12821059,s,l
2026-02-05 21:15:47,0.2711800,38.32798774,s,l
2026-02-05 21:16:04,0.2714330,1096.87500000,b,m
2026-02-05 21:16:04,0.2714370,292.28747700,b,m
2026-02-05 21:16:04,0.2714740,3031.35582855,b,m
2026-02-05 21:16:11,0.2714740,168.50000000,b,m
2026-02-05 21:16:37,0.2714220,262.14815369,b,l
2026-02-05 21:17:14,0.2714140,71.40876700,b,l
2026-02-05 21:17:16,0.2712590,1096.87500000,s,l
2026-02-05 21:17:16,0.2712560,364.52071854,s,l
2026-02-05 21:17:16,0.2712520,5871.32655446,s,l
2026-02-05 21:17:23,0.2711420,342.00000000,s,l
2026-02-05 21:17:53,0.2711130,7332.72227300,s,l
2026-02-05 21:17:55,0.2711010,306.02029360,b,l
2026-02-05 21:17:55,0.2711360,797.78009840,b,l
2026-02-05 21:18:00,0.2710340,1096.87500000,s,l
2026-02-05 21:18:08,0.2709810,19.27975633,s,l
2026-02-05 21:18:13,0.2710600,1096.87500000,b,m
2026-02-05 21:18:13,0.2710610,275.51386035,b,m
2026-02-05 21:18:21,0.2710480,1096.87500000,s,l
2026-02-05 21:18:21,0.2710360,5534.30747249,s,l
2026-02-05 21:18:40,0.2710230,142.96598100,s,l
2026-02-05 21:18:41,0.2710700,35.46392817,b,l
2026-02-05 21:19:48,0.2710690,166.30000000,s,m
2026-02-05 21:19:55,0.2710420,7296.60657070,s,l
2026-02-05 21:19:55,0.2710420,364.83032850,s,l
2026-02-05 21:19:55,0.2710420,7296.60657070,s,l
2026-02-05 21:19:55,0.2710420,364.83032850,s,l
2026-02-05 21:20:15,0.2710400,3.85884139,s,l
2026-02-05 21:20:45,0.2709900,1096.87500000,s,l
2026-02-05 21:20:45,0.2709860,275.51386035,s,l
2026-02-05 21:20:45,0.2709850,1096.87500000,s,l
2026-02-05 21:20:46,0.2710420,1096.87500000,b,l
2026-02-05 21:20:46,0.2710420,342.00000000,b,l
2026-02-05 21:20:46,0.2710410,342.00000000,b,l
2026-02-05 21:20:46,0.2710410,754.87500000,b,l
2026-02-05 21:20:46,0.2710410,342.00000000,b,l
2026-02-05 21:20:46,0.2710700,1096.87500000,b,l
2026-02-05 21:20:48,0.2709700,342.00000000,s,l
2026-02-05 21:20:54,0.2709630,1096.87500000,s,l
2026-02-05 21:21:05,0.2710840,1096.87500000,b,l
2026-02-05 21:21:05,0.2711030,342.00000000,b,l
2026-02-05 21:21:05,0.2711030,2934.06444590,b,l
2026-02-05 21:21:05,0.2711030,6862.45862020,b,l
2026-02-05 21:21:05,0.2711030,1387.07432390,b,l
2026-02-05 21:21:08,0.2711530,892.60000000,b,l
2026-02-05 21:21:08,0.2710510,893.20000000,b,l
2026-02-05 21:21:08,0.2710510,893.20000000,b,l
2026-02-05 21:21:08,0.2710510,893.20000000,b,l
2026-02-05 21:21:08,0.2710780,893.20000000,b,l
2026-02-05 21:21:08,0.2710780,893.20000000,b,l
2026-02-05 21:21:08,0.2710780,893.20000000,b,l
2026-02-05 21:21:08,0.2710640,893.20000000,b,l
2026-02-05 21:21:09,0.2711420,893.20000000,b,l
2026-02-05 21:21:15,0.2711410,893.20000000,b,l
2026-02-05 21:21:15,0.2711410,893.10000000,b,l
2026-02-05 21:21:18,0.2711680,150.00000000,s,l
2026-02-05 21:21:51,0.2710530,102.07252037,s,l
2026-02-05 21:22:16,0.2710420,342.00000000,s,l
2026-02-05 21:22:16,0.2710410,1096.87500000,s,l
2026-02-05 21:22:21,0.2710870,16.35000000,b,m
2026-02-05 21:22:57,0.2711040,264.61826900,b,l
2026-02-05 21:23:02,0.2710560,26.06359516,s,l
2026-02-05 21:23:12,0.2711390,76.57756120,s,l
2026-02-05 21:23:16,0.2712200,110.61131185,b,m
2026-02-05 21:23:45,0.2712900,893.10000000,b,l
2026-02-05 21:23:45,0.2712890,892.30000000,b,l
2026-02-05 21:23:45,0.2712880,892.30000000,b,l
2026-02-05 21:23:49,0.2713810,1096.87500000,b,l
2026-02-05 21:23:49,0.2713830,892.30000000,b,l
2026-02-05 21:23:49,0.2714210,81.81767200,b,l
2026-02-05 21:23:49,0.2714210,1096.87500000,b,l
2026-02-05 21:23:49,0.2714490,1096.87500000,b,l
2026-02-05 21:23:57,0.2712840,1096.87500000,s,l
2026-02-05 21:24:11,0.2712730,1096.87500000,s,l
2026-02-05 21:24:11,0.2712700,36.86364130,s,l
2026-02-05 21:24:11,0.2712420,1096.87500000,s,l
2026-02-05 21:24:35,0.2710230,486.06861996,s,l
2026-02-05 21:24:43,0.2711760,892.40000000,b,m
2026-02-05 21:24:43,0.2712460,883.50000000,b,m
2026-02-05 21:25:36,0.2710420,73.75000000,s,m
2026-02-05 21:26:09,0.2710250,2332.29406881,s,l
2026-02-05 21:26:54,0.2709760,6272.36840000,s,l
2026-02-05 21:27:24,0.2708350,26.06507053,s,l
2026-02-05 21:27:27,0.2709810,1096.87500000,b,l
2026-02-05 21:27:27,0.2709800,342.00000000,b,l
2026-02-05 21:27:42,0.2708900,342.00000000,s,l
2026-02-05 21:27:42,0.2708830,136.89538450,s,l
2026-02-05 21:27:42,0.2708830,136.89538450,s,l
2026-02-05 21:27:42,0.2708830,5263.65528704,s,l
2026-02-05 21:28:38,0.2710350,213.79170500,s,l
2026-02-05 21:29:26,0.2711580,523.00000000,s,m
2026-02-05 21:29:28,0.2712120,96.90049900,b,l
2026-02-05 21:29:32,0.2711280,16.81661971,b,l
2026-02-05 21:29:38,0.2711810,52.26938600,b,l
2026-02-05 21:29:44,0.2710790,68.81537700,s,l
2026-02-05 21:30:15,0.2712450,892.40000000,b,l
2026-02-05 21:30:50,0.2712370,53.70015700,b,l
2026-02-05 21:31:18,0.2711210,4.04970148,s,l
2026-02-05 21:31:36,0.2713380,33.91371600,b,l
2026-02-05 21:31:39,0.2712140,844.38923116,s,l
2026-02-05 21:31:40,0.2713160,845.00000000,b,m
2026-02-05 21:32:04,0.2713440,892.60000000,b,l
2026-02-05 21:32:04,0.2714350,37.50047894,b,l
2026-02-05 21:32:31,0.2714450,98.10000000,b,m
2026-02-05 21:33:10,0.2713620,71.54164600,b,l
2026-02-05 21:33:18,0.2713670,43.88000000,b,l
2026-02-05 21:33:42,0.2713200,1096.87500000,s,l
2026-02-05 21:33:42,0.2713140,83.08759300,s,l
2026-02-05 21:33:58,0.2713090,1096.87500000,s,l
2026-02-05 21:33:58,0.2712960,2437.72500000,s,l
2026-02-05 21:34:00,0.2713460,665.63160337,b,l
2026-02-05 21:34:00,0.2713470,7277.19243070,b,l
2026-02-05 21:34:00,0.2713470,3183.38159200,b,l
2026-02-05 21:34:00,0.2713480,5518.09155380,b,l
2026-02-05 21:34:00,0.2713480,4315.85017330,b,l
2026-02-05 21:34:40,0.2712820,9.98573400,s,l
2026-02-05 21:34:48,0.2712770,996.50322740,s,l
2026-02-05 21:35:31,0.2711730,31.59828200,s,l
2026-02-05 21:35:41,0.2711950,676.70000000,s,m
2026-02-05 21:36:22,0.2711870,11183.59739000,b,l
2026-02-05 21:36:22,0.2711880,7864.90507216,b,l
2026-02-05 21:36:24,0.2711590,2232.42572641,s,m
2026-02-05 21:36:50,0.2711200,97.72500000,s,m
2026-02-05 21:37:18,0.2711200,40.60426600,s,l
2026-02-05 21:37:45,0.2711380,61.60000000,b,m
2026-02-05 21:37:47,0.2711390,39.18878300,b,l
2026-02-05 21:38:32,0.2711200,45.18994600,s,l
2026-02-05 21:38:44,0.2711550,10905.12541000,s,l
2026-02-05 21:39:02,0.2711490,1096.87500000,b,l
2026-02-05 21:39:02,0.2711560,260.61952100,b,l
2026-02-05 21:39:15,0.2711210,341.99999994,s,l
2026-02-05 21:39:15,0.2711200,107.69274810,s,l
2026-02-05 21:39:15,0.2711200,2153.85496140,s,l
2026-02-05 21:39:15,0.2711200,107.69274810,s,l
2026-02-05 21:39:15,0.2711200,397.37023040,s,l
2026-02-05 21:39:34,0.2712100,16.35000000,b,m
2026-02-05 21:39:51,0.2710910,17.99514591,b,l
2026-02-05 21:39:54,0.2709120,20.93327518,s,m
2026-02-05 21:39:58,0.2709200,126.50000000,b,m
2026-02-05 21:39:58,0.2709120,1075.94172482,s,l
2026-02-05 21:39:59,0.2708860,201.10044901,s,l
2026-02-05 21:39:59,0.2708850,2186.89955099,s,l
2026-02-05 21:40:03,0.2709120,3453.00000000,s,l
2026-02-05 21:40:20,0.2710030,55.34994078,b,m
2026-02-05 21:40:39,0.2710450,49.25788700,b,l
2026-02-05 21:40:58,0.2710110,307.65485409,b,l
2026-02-05 21:40:58,0.2710110,50.56150091,b,l
2026-02-05 21:41:30,0.2708880,5.53623500,s,l
2026-02-05 21:41:42,0.2711240,44.48930100,b,l
2026-02-05 21:41:52,0.2711050,35.85310000,b,l
2026-02-05 21:42:25,0.2711590,179.23178300,b,l
2026-02-05 21:42:31,0.2711850,8.56463299,b,l
2026-02-05 21:43:10,0.2711150,36.88471682,b,m
2026-02-05 21:43:24,0.2710730,65.31893200,b,l
2026-02-05 21:43:48,0.2707720,5539.71248322,s,l
2026-02-05 21:43:48,0.2707450,1793.00978978,s,l
2026-02-05 21:43:50,0.2709980,16.35000000,b,m
2026-02-05 21:44:21,0.2705300,5544.67157062,s,l
2026-02-05 21:44:21,0.2705300,9241.11928436,s,l
2026-02-05 21:44:21,0.2705290,1845.76474502,s,l
2026-02-05 21:44:37,0.2706700,358.54809600,b,l
2026-02-05 21:45:10,0.2706570,3062.42116600,s,l
2026-02-05 21:45:29,0.2706930,711.88787813,s,m
2026-02-05 21:45:41,0.2706820,55.77563800,s,l
2026-02-05 21:46:34,0.2705660,11183.59739000,b,l
2026-02-05 21:46:34,0.2705670,7837.03362971,b,l
2026-02-05 21:46:36,0.2705330,6863.00000000,s,l
2026-02-05 21:46:51,0.2708410,1096.87500000,b,l
2026-02-05 21:46:51,0.2708680,2491.35013600,b,l
2026-02-05 21:47:05,0.2707920,85.25772200,s,l
2026-02-05 21:47:20,0.2708060,107.54267800,b,l
2026-02-05 21:48:03,0.2707660,44.31871062,b,m
2026-02-05 21:49:25,0.2706780,90.10168038,b,l
2026-02-05 21:50:55,0.2706240,405.97174999,s,m
2026-02-05 21:52:21,0.2705550,10910.00000000,s,l
2026-02-05 21:52:21,0.2705220,1096.87500000,s,l
2026-02-05 21:52:21,0.2705210,4363.70591000,s,l
2026-02-05 21:52:27,0.2705860,4.90196100,b,l
2026-02-05 21:52:29,0.2705860,93.59605900,b,l
2026-02-05 21:52:42,0.2704770,449.10361091,s,l
2026-02-05 21:52:42,0.2704770,546.30630943,s,l
2026-02-05 21:52:53,0.2704330,5673.22404000,s,l
2026-02-05 21:53:53,0.2704880,214.08871133,s,l
2026-02-05 21:53:53,0.2704870,2874.23245867,s,l
2026-02-05 21:54:28,0.2704940,5545.40951000,s,l
2026-02-05 21:54:28,0.2704940,4506.13688000,s,l
2026-02-05 21:54:38,0.2705170,25000.00000000,s,l
2026-02-05 21:54:44,0.2705270,221.21240722,s,l
2026-02-05 21:54:44,0.2705260,156.14608334,s,l
2026-02-05 21:54:56,0.2705490,5203.92157000,s,l
2026-02-05 21:55:00,0.2706680,7.31523500,b,l
2026-02-05 21:55:20,0.2708010,4.18768500,b,l
2026-02-05 21:55:53,0.2705650,2120.29400500,s,l
2026-02-05 21:56:40,0.2704450,68.87704000,b,l
2026-02-05 21:56:48,0.2703260,3600.82755000,s,m
2026-02-05 21:56:55,0.2704690,777.74815716,b,m
2026-02-05 21:56:55,0.2704690,215.91149115,b,m
2026-02-05 21:56:56,0.2703540,1000.00000000,s,l
2026-02-05 21:57:04,0.2704930,1096.87500000,b,l
2026-02-05 21:57:09,0.2704540,1096.87500000,s,l
2026-02-05 21:57:17,0.2704510,78.70840900,s,l
2026-02-05 21:57:27,0.2704840,586.31579462,s,l
2026-02-05 21:57:49,0.2704320,5546.68086616,s,l
2026-02-05 21:57:58,0.2704100,1700.68027000,s,l
2026-02-05 21:58:22,0.2705570,16.26307679,b,m
2026-02-05 21:58:45,0.2704280,74.15893500,s,l
2026-02-05 21:58:59,0.2704630,106.62034985,s,l
2026-02-05 21:58:59,0.2704620,3216.93211215,s,l
2026-02-05 21:59:30,0.2705290,52.35299000,b,l
2026-02-05 22:00:28,0.2702160,342.00000000,s,l
2026-02-05 22:00:28,0.2702150,108.50581357,s,l
2026-02-05 22:00:28,0.2702130,3559.58127943,s,l
2026-02-05 22:01:00,0.2701680,1352.88676400,s,l
2026-02-05 22:01:01,0.2701690,2511.26375700,s,l
2026-02-05 22:01:07,0.2701940,4248.47248600,s,l
2026-02-05 22:01:07,0.2701930,625.45525400,s,l
2026-02-05 22:01:22,0.2702370,306.80783068,s,m
2026-02-05 22:01:22,0.2702370,306.77984126,s,m
2026-02-05 22:01:22,0.2702370,306.75684656,s,m
2026-02-05 22:01:22,0.2702370,306.73135449,s,m
2026-02-05 22:01:22,0.2702370,306.70835978,s,m
2026-02-05 22:01:22,0.2702370,306.67790476,s,m
2026-02-05 22:01:22,0.2702370,306.48294179,s,m
2026-02-05 22:01:22,0.2702370,306.45197883,s,m
2026-02-05 22:01:22,0.2702370,306.42276190,s,m
2026-02-05 22:01:22,0.2702370,307.72420718,s,m
2026-02-05 22:01:22,0.2702370,308.33235729,s,m
2026-02-05 22:01:22,0.2702370,308.66564482,s,m
2026-02-05 22:01:22,0.2702370,308.63748414,s,m
2026-02-05 22:01:22,0.2702370,308.60912262,s,m
2026-02-05 22:01:22,0.2702370,308.58580338,s,m
2026-02-05 22:01:22,0.2702370,308.55997885,s,m
2026-02-05 22:01:22,0.2702370,308.53163847,s,m
2026-02-05 22:01:22,0.2702370,308.50580338,s,m
2026-02-05 22:01:22,0.2702370,308.48249471,s,m
2026-02-05 22:01:22,0.2702370,311.56338266,s,m
2026-02-05 22:01:22,0.2702370,311.72790697,s,m
2026-02-05 22:01:22,0.2702370,311.87436575,s,m
2026-02-05 22:01:22,0.2702370,311.99913319,s,m
2026-02-05 22:01:22,0.2702370,312.28081395,s,m
2026-02-05 22:01:22,0.2702370,312.41716701,s,m
2026-02-05 22:01:22,0.2702370,312.58918604,s,m
2026-02-05 22:01:22,0.2702370,312.75157505,s,m
2026-02-05 22:01:22,0.2702370,312.90769556,s,m
2026-02-05 22:01:22,0.2702370,313.08125792,s,m
2026-02-05 22:01:22,0.2702370,313.27971458,s,m
2026-02-05 22:01:22,0.2702370,313.49977801,s,m
2026-02-05 22:01:22,0.2702370,313.73450317,s,m
2026-02-05 22:01:22,0.2702370,313.71083509,s,m
2026-02-05 22:01:22,0.2702370,313.97603594,s,m
2026-02-05 22:01:22,0.2702370,314.26978858,s,m
2026-02-05 22:01:22,0.2702370,314.88262156,s,m
2026-02-05 22:01:22,0.2702370,315.45311839,s,m
2026-02-05 22:01:22,0.2702370,315.69565539,s,m
2026-02-05 22:01:22,0.2702370,315.89096194,s,m
2026-02-05 22:01:22,0.2702370,316.12102536,s,m
2026-02-05 22:01:22,0.2702370,316.38035940,s,m
2026-02-05 22:01:22,0.2702370,316.83553911,s,m
2026-02-05 22:01:22,0.2702370,317.02761099,s,m
2026-02-05 22:01:22,0.2702370,317.23153276,s,m
2026-02-05 22:01:22,0.2702370,317.20509513,s,m
2026-02-05 22:01:22,0.2702370,317.37723044,s,m
2026-02-05 22:01:22,0.2702370,317.84378435,s,m
2026-02-05 22:01:22,0.2702370,318.07975687,s,m
2026-02-05 22:01:22,0.2702370,318.30123678,s,m
2026-02-05 22:01:22,0.2702370,318.54599365,s,m
2026-02-05 22:01:22,0.2702370,318.80410147,s,m
2026-02-05 22:01:22,0.2702370,319.04399577,s,m
2026-02-05 22:01:22,0.2702370,319.28039112,s,m
2026-02-05 22:01:22,0.2702370,319.25618393,s,m
2026-02-05 22:01:22,0.2702370,319.51655391,s,m
2026-02-05 22:01:22,0.2702370,320.13779069,s,m
2026-02-05 22:01:22,0.2702370,320.40292811,s,m
2026-02-05 22:01:22,0.2702370,320.65234672,s,m
2026-02-05 22:01:22,0.2702370,320.90913319,s,m
2026-02-05 22:01:22,0.2702370,321.19005285,s,m
2026-02-05 22:01:22,0.2702370,321.52234672,s,m
2026-02-05 22:01:22,0.2702370,321.49797040,s,m
2026-02-05 22:01:22,0.2702370,321.82681818,s,m
2026-02-05 22:01:22,0.2702370,322.12853065,s,m
2026-02-05 22:01:22,0.2702370,322.43067653,s,m
2026-02-05 22:01:22,0.2702370,322.73239957,s,m
2026-02-05 22:01:22,0.2702370,323.00149048,s,m
2026-02-05 22:01:22,0.2702370,323.47891120,s,m
2026-02-05 22:01:22,0.2702370,323.67248414,s,m
2026-02-05 22:01:22,0.2702370,323.84089852,s,m
2026-02-05 22:01:22,0.2702370,324.00327695,s,m
2026-02-05 22:01:22,0.2702370,324.16778012,s,m
2026-02-05 22:01:22,0.2702370,324.36267441,s,m
2026-02-05 22:01:22,0.2702370,324.56196617,s,m
2026-02-05 22:01:22,0.2702370,324.96374207,s,m
2026-02-05 22:01:22,0.2702370,325.17328752,s,m
2026-02-05 22:01:22,0.2702370,325.39856236,s,m
2026-02-05 22:01:22,0.2702370,325.62458773,s,m
2026-02-05 22:01:22,0.2702370,325.85806553,s,m
2026-02-05 22:01:22,0.2702370,326.04515856,s,m
2026-02-05 22:01:22,0.2702370,326.20831923,s,m
2026-02-05 22:01:22,0.2702370,326.37158562,s,m
2026-02-05 22:01:22,0.2702370,326.49494714,s,m
2026-02-05 22:01:22,0.2702370,326.60757928,s,m
2026-02-05 22:01:22,0.2702370,326.84394291,s,m
2026-02-05 22:01:22,0.2702370,326.96103594,s,m
2026-02-05 22:01:22,0.2702370,327.07100422,s,m
2026-02-05 22:01:22,0.2702370,327.19956659,s,m
2026-02-05 22:01:22,0.2702370,327.34058139,s,m
2026-02-05 22:01:22,0.2702370,327.45767441,s,m
2026-02-05 22:01:22,0.2702370,327.56242071,s,m
2026-02-05 22:01:22,0.2702370,327.66136363,s,m
2026-02-05 22:01:22,0.2702370,327.74134249,s,m
2026-02-05 22:01:22,0.2702370,327.82332980,s,m
2026-02-05 22:01:22,0.2702370,327.95207188,s,m
2026-02-05 22:01:22,0.2702370,328.04540169,s,m
2026-02-05 22:01:22,0.2702370,328.02058139,s,m
2026-02-05 22:01:22,0.2702370,328.28922832,s,m
2026-02-05 22:01:22,0.2702370,328.29303382,s,m
2026-02-05 22:01:22,0.2702370,328.82328626,s,m
2026-02-05 22:01:22,0.2702370,328.75933639,s,m
2026-02-05 22:01:27,0.2702940,1096.87500000,b,l
2026-02-05 22:01:27,0.2703030,342.00000000,b,l
2026-02-05 22:03:13,0.2704370,1096.87500000,s,l
2026-02-05 22:03:13,0.2704130,5547.07059202,s,l
2026-02-05 22:03:13,0.2704010,11356.05440798,s,l
2026-02-05 22:03:18,0.2702470,137.57740600,s,m
2026-02-05 22:03:20,0.2704610,10.87528200,b,l
2026-02-05 22:04:00,0.2703420,10.46902800,s,l
2026-02-05 22:04:43,0.2703460,3811.35753000,s,l
2026-02-05 22:05:04,0.2704630,1017.89555700,b,l
2026-02-05 22:05:28,0.2705280,1096.87500000,b,l
2026-02-05 22:05:28,0.2705300,1096.87500000,b,l
2026-02-05 22:05:28,0.2705310,289.58471000,b,l
2026-02-05 22:05:34,0.2704870,55.45553021,s,l
2026-02-05 22:05:50,0.2703220,1096.87500000,s,l
2026-02-05 22:05:50,0.2702950,750.71371100,s,l
2026-02-05 22:07:11,0.2701940,5788.43507100,s,l
2026-02-05 22:07:11,0.2701940,19337.62559420,s,l
2026-02-05 22:07:12,0.2702180,126.70212400,b,m
2026-02-05 22:07:12,0.2702190,1096.87500000,b,m
2026-02-05 22:07:12,0.2702920,456.42287600,b,m
2026-02-05 22:08:19,0.2702280,176.91717926,s,l
2026-02-05 22:08:20,0.2702290,38.88717229,s,l
2026-02-05 22:08:20,0.2702270,65.28671732,s,l
2026-02-05 22:08:20,0.2701290,230.61370060,s,l
2026-02-05 22:08:24,0.2701300,19.62122339,s,l
2026-02-05 22:08:26,0.2701460,1096.87500000,s,l
2026-02-05 22:08:26,0.2701310,1096.87500000,s,l
2026-02-05 22:08:42,0.2701330,796.28436284,s,l
2026-02-05 22:08:46,0.2702810,1096.87500000,b,l
2026-02-05 22:08:46,0.2703070,9679.76085100,b,l
2026-02-05 22:08:55,0.2703370,1479.93300000,b,l
2026-02-05 22:09:11,0.2703130,5.13652709,s,l
2026-02-05 22:09:23,0.2703570,52.36979400,b,l
2026-02-05 22:09:49,0.2703350,1096.87500000,s,l
2026-02-05 22:09:49,0.2703080,342.00000000,s,l
2026-02-05 22:09:49,0.2703070,796.90740500,s,l
2026-02-05 22:09:49,0.2704390,37.15797690,b,l
2026-02-05 22:09:53,0.2704210,267.68404620,b,l
2026-02-05 22:09:53,0.2704990,1898.21597161,b,l
2026-02-05 22:09:53,0.2705240,1096.87500000,b,l
2026-02-05 22:09:53,0.2705800,1096.87500000,b,l
2026-02-05 22:09:53,0.2705880,1479.42672214,b,l
2026-02-05 22:09:53,0.2706080,1096.87500000,b,l
2026-02-05 22:09:53,0.2706220,5542.78897327,b,l
2026-02-05 22:09:53,0.2706360,1096.87500000,b,l
2026-02-05 22:09:53,0.2706700,1096.87500000,b,l
2026-02-05 22:09:53,0.2706880,55.41435150,b,l
2026-02-05 22:09:53,0.2706890,9235.72145131,b,l
2026-02-05 22:09:53,0.2706950,11563.54496397,b,l
2026-02-05 22:09:54,0.2704470,1094.68262077,s,l
2026-02-05 22:10:17,0.2705000,1096.87500000,s,l
2026-02-05 22:10:17,0.2704990,13837.96098470,s,l
2026-02-05 22:10:18,0.2704990,72.45528243,s,m
2026-02-05 22:10:29,0.2704230,4407.39786241,s,l
2026-02-05 22:10:32,0.2704230,52.35299000,s,l
2026-02-05 22:10:32,0.2704240,1489.90495629,s,l
2026-02-05 22:10:34,0.2704470,37.15797690,b,l
2026-02-05 22:10:35,0.2704520,884.28911098,b,l
2026-02-05 22:10:38,0.2704250,1094.68262077,s,l
2026-02-05 22:10:38,0.2704260,74.74842784,s,l
2026-02-05 22:10:44,0.2705110,339.00000000,b,m
2026-02-05 22:10:59,0.2703950,35.55288461,b,l
2026-02-05 22:11:09,0.2703760,36.80057100,b,l
2026-02-05 22:11:21,0.2704660,26.66471941,b,l
2026-02-05 22:11:23,0.2702780,16.17058400,s,l
2026-02-05 22:11:37,0.2703980,1065.60000000,b,m
2026-02-05 22:12:16,0.2703270,25.14305100,b,l
2026-02-05 22:12:41,0.2702690,35.06723296,s,m
2026-02-05 22:12:41,0.2702690,100.00000000,s,m
2026-02-05 22:12:41,0.2702690,961.80776704,s,m
2026-02-05 22:12:41,0.2702420,694.25812078,s,m
2026-02-05 22:12:46,0.2702560,1011.84625300,s,l
2026-02-05 22:13:13,0.2704010,59.37404077,b,l
2026-02-05 22:14:09,0.2703150,125.21555479,s,l
2026-02-05 22:14:22,0.2703160,341.30000000,b,m
2026-02-05 22:14:31,0.2703150,3562.00000000,s,l
2026-02-05 22:15:05,0.2703160,145.78622600,b,l
2026-02-05 22:15:25,0.2703160,61.80000000,b,m
2026-02-05 22:15:58,0.2702310,7332.72227300,s,l
2026-02-05 22:16:05,0.2702170,1096.87500000,s,l
2026-02-05 22:16:44,0.2702100,17.96517100,b,l
2026-02-05 22:17:05,0.2702590,26.45308900,b,l
2026-02-05 22:17:38,0.2702510,1051.92471292,b,l
2026-02-05 22:17:38,0.2702510,443.25675808,b,l
2026-02-05 22:17:40,0.2701110,314.68544413,s,l
2026-02-05 22:17:41,0.2700010,7332.72227300,s,l
2026-02-05 22:17:41,0.2700020,21226.64178958,s,l
2026-02-05 22:17:43,0.2700460,106.13320895,s,l
2026-02-05 22:17:52,0.2700160,1036.38681589,s,l
2026-02-05 22:17:55,0.2700000,62.25925926,s,l
2026-02-05 22:17:55,0.2700000,37.03703703,s,l
2026-02-05 22:17:55,0.2700000,25.00000000,s,l
2026-02-05 22:17:55,0.2699500,2207.20000000,s,l
2026-02-05 22:17:55,0.2698900,1096.87500000,s,l
2026-02-05 22:17:55,0.2698740,55.58149350,s,l
2026-02-05 22:17:55,0.2698490,1096.87500000,s,l
2026-02-05 22:17:55,0.2698210,1096.87500000,s,l
2026-02-05 22:17:55,0.2697930,545.60961084,s,m
2026-02-05 22:17:55,0.2694940,163.34780300,s,l
2026-02-05 22:17:58,0.2698770,1096.87500000,b,l
2026-02-05 22:17:59,0.2698940,1096.87500000,b,l
2026-02-05 22:18:01,0.2699310,1096.87500000,b,l
2026-02-05 22:18:01,0.2700200,182.49509600,b,l
2026-02-05 22:18:02,0.2698920,235.86679105,s,l
2026-02-05 22:18:02,0.2700190,182.49509600,b,l
2026-02-05 22:18:03,0.2700170,159.50490400,b,l
2026-02-05 22:18:03,0.2700180,610.90411396,b,l
2026-02-05 22:18:03,0.2700180,1096.87500000,b,l
2026-02-05 22:18:03,0.2700180,4798.04999624,b,l
2026-02-05 22:18:03,0.2700180,4280.48649240,b,l
2026-02-05 22:18:03,0.2700170,1096.87500000,b,l
2026-02-05 22:18:03,0.2700180,2105.06090136,b,l
2026-02-05 22:18:03,0.2699200,1096.87500000,s,l
2026-02-05 22:18:03,0.2699160,10100.24383940,b,l
2026-02-05 22:18:03,0.2699160,5490.22561380,b,l
2026-02-05 22:18:03,0.2699160,1360.78791789,b,l
2026-02-05 22:18:03,0.2699290,90.24066185,s,l
2026-02-05 22:18:04,0.2700760,185.23252200,b,l
2026-02-05 22:18:08,0.2699290,342.00000000,s,l
2026-02-05 22:18:08,0.2699280,1658.00000000,s,l
2026-02-05 22:18:38,0.2699240,285.08030000,b,l
2026-02-05 22:18:44,0.2699050,342.00000000,b,l
2026-02-05 22:18:44,0.2699050,1096.87500000,b,l
2026-02-05 22:18:44,0.2699080,11183.59739000,b,l
2026-02-05 22:18:44,0.2699090,11084.44367793,b,l
2026-02-05 22:18:48,0.2698740,5558.14935858,s,l
2026-02-05 22:18:48,0.2698730,9564.35890742,s,l
2026-02-05 22:19:07,0.2699090,671.68847190,s,l
2026-02-05 22:19:07,0.2699010,689.90730140,s,l
2026-02-05 22:19:07,0.2698590,336.67268705,s,l
2026-02-05 22:19:23,0.2700130,1096.87500000,b,l
2026-02-05 22:19:23,0.2700130,1096.87500000,b,l
2026-02-05 22:19:35,0.2700580,342.00000000,s,l
2026-02-05 22:19:35,0.2700470,213.31903000,s,l
2026-02-05 22:19:48,0.2699600,1096.87500000,s,l
2026-02-05 22:19:48,0.2699390,1428.01141900,s,l
2026-02-05 22:20:05,0.2699700,5.29657200,b,l
2026-02-05 22:20:13,0.2699920,1096.87500000,b,l
2026-02-05 22:20:13,0.2699930,342.00000000,b,l
2026-02-05 22:20:13,0.2699930,11183.59739000,b,l
2026-02-05 22:20:13,0.2699940,1096.87500000,b,l
2026-02-05 22:20:13,0.2700310,8301.12822068,b,l
2026-02-05 22:20:14,0.2700390,18472.11371020,b,l
2026-02-05 22:20:14,0.2700390,1096.87500000,b,l
2026-02-05 22:20:25,0.2698240,523.33641700,s,l
2026-02-05 22:21:18,0.2700040,1096.87500000,b,l
2026-02-05 22:21:18,0.2700040,1096.87500000,b,l
2026-02-05 22:21:31,0.2700920,221.32190400,b,l
2026-02-05 22:22:53,0.2699000,28290.15822060,s,l
2026-02-05 22:22:53,0.2698990,381.52677600,s,l
2026-02-05 22:23:12,0.2699450,1096.87500000,b,l
2026-02-05 22:23:12,0.2700030,1115.39000333,b,l
2026-02-05 22:23:12,0.2700040,2102.66788367,b,l
2026-02-05 22:23:23,0.2700040,1973.72931500,b,l
2026-02-05 22:23:42,0.2701600,10893.01224500,b,l
2026-02-05 22:24:15,0.2701230,36.00000000,b,l
2026-02-05 22:25:58,0.2698990,5557.63452254,s,l
2026-02-05 22:25:58,0.2698980,1115.39000333,s,l
2026-02-05 22:25:58,0.2698980,28290.15822060,s,l
2026-02-05 22:25:58,0.2698970,23840.82640253,s,l
2026-02-05 22:26:25,0.2698660,73.58009000,s,l
2026-02-05 22:26:40,0.2701530,241.50000000,b,m
2026-02-05 22:27:05,0.2699460,12.26334800,s,l
2026-02-05 22:27:38,0.2699950,12.26334900,s,l
2026-02-05 22:27:45,0.2700610,1096.87500000,b,l
2026-02-05 22:27:45,0.2700650,11183.59739000,b,l
2026-02-05 22:27:45,0.2700660,866.71399060,b,l
2026-02-05 22:27:45,0.2700670,1096.87500000,b,l
2026-02-05 22:27:45,0.2700730,4528.92276831,b,l
2026-02-05 22:27:49,0.2698920,65.92500000,s,m
2026-02-05 22:28:01,0.2702110,248.67601273,b,m
2026-02-05 22:28:01,0.2702320,120.10052806,b,m
2026-02-05 22:28:16,0.2700730,2094.99202593,s,l
2026-02-05 22:28:16,0.2699760,5556.04942661,s,l
2026-02-05 22:28:16,0.2699760,3260.19332346,s,l
2026-02-05 22:29:02,0.2702310,88.45478500,s,l
2026-02-05 22:29:08,0.2702380,557.69500166,s,l
2026-02-05 22:29:08,0.2702370,28165.28975514,s,l
2026-02-05 22:29:08,0.2702280,2527.63452060,s,l
2026-02-05 22:29:34,0.2706440,39.69748133,b,l
2026-02-05 22:29:38,0.2706440,15.72587917,b,l
2026-02-05 22:30:04,0.2708210,795.09873321,b,l
2026-02-05 22:30:04,0.2708210,1207.84198124,b,l
2026-02-05 22:30:06,0.2706570,342.00000000,s,l
2026-02-05 22:30:06,0.2706560,557.69500167,s,l
2026-02-05 22:30:06,0.2706550,2245.83946623,s,l
2026-02-05 22:30:06,0.2706550,0.00000010,s,l
2026-02-05 22:30:06,0.2706520,4618.47686320,s,l
2026-02-05 22:30:06,0.2706120,6876.08299260,s,l
2026-02-05 22:30:14,0.2709130,342.00000000,b,l
2026-02-05 22:30:14,0.2709140,112.59866500,b,l
2026-02-05 22:30:33,0.2710010,5500.37368164,b,l
2026-02-05 22:30:36,0.2710130,138.64884714,b,l
2026-02-05 22:30:40,0.2707520,251.24751210,s,l
2026-02-05 22:30:45,0.2710040,54.72669638,b,l
2026-02-05 22:30:48,0.2707460,342.00000000,s,l
2026-02-05 22:30:48,0.2707450,11183.59739000,s,l
2026-02-05 22:30:48,0.2707440,19.84151290,s,l
2026-02-05 22:30:48,0.2707440,11203.43890290,s,l
2026-02-05 22:31:02,0.2707140,7.24228600,b,l
2026-02-05 22:31:06,0.2704670,4658.31370000,s,m
2026-02-05 22:31:24,0.2708320,40.88596300,b,l
2026-02-05 22:31:35,0.2705520,11183.59739000,s,l
2026-02-05 22:31:35,0.2705510,5544.24119666,s,l
2026-02-05 22:31:35,0.2705470,4620.26930625,s,l
2026-02-05 22:31:46,0.2708050,26.96179100,b,l
2026-02-05 22:32:02,0.2707490,60.94361000,b,l
2026-02-05 22:32:03,0.2705740,279.66574000,s,l
2026-02-05 22:32:19,0.2706980,36.14012700,b,l
2026-02-05 22:32:22,0.2706920,4.92064899,b,l
2026-02-05 22:32:22,0.2706920,22.99617333,b,l
2026-02-05 22:32:27,0.2706830,30.83301336,b,l
2026-02-05 22:32:27,0.2706830,60.15845964,b,l
2026-02-05 22:32:43,0.2708080,29.63538743,b,l
2026-02-05 22:33:05,0.2707990,151.96235032,b,l
2026-02-05 22:33:05,0.2708000,83.03764968,b,l
2026-02-05 22:33:07,0.2706320,342.00000000,s,l
2026-02-05 22:33:07,0.2706320,137.76434610,s,l
2026-02-05 22:33:07,0.2706260,635.80484990,s,l
2026-02-05 22:33:19,0.2704690,4.86175000,s,l
2026-02-05 22:33:32,0.2704740,112.66725984,s,l
2026-02-05 22:34:16,0.2706450,41.11139600,b,l
2026-02-05 22:34:30,0.2706460,2203.50000000,b,l
2026-02-05 22:34:45,0.2707280,18.08898800,b,l
2026-02-05 22:35:03,0.2704730,59.20038400,s,m
2026-02-05 22:35:03,0.2704720,143.89961600,s,m
2026-02-05 22:35:23,0.2704510,439.03422589,s,l
2026-02-05 22:35:38,0.2708080,0.56966074,b,l
2026-02-05 22:35:38,0.2708240,342.00000000,b,l
2026-02-05 22:35:38,0.2708250,1149.72322626,b,l
2026-02-05 22:36:48,0.2709010,107.53791300,b,l
2026-02-05 22:36:50,0.2708980,88.15969600,b,l
2026-02-05 22:38:01,0.2705000,7332.72227300,b,l
2026-02-05 22:38:07,0.2704570,342.00000000,s,l
2026-02-05 22:38:07,0.2704560,11183.59739000,s,l
2026-02-05 22:38:07,0.2704440,3785.49093200,s,l
2026-02-05 22:38:08,0.2704990,10.86479900,b,l
2026-02-05 22:38:15,0.2705000,20637.90494491,b,l
2026-02-05 22:38:15,0.2705000,18535.53563842,b,l
2026-02-05 22:38:16,0.2705000,19595.47788579,b,l
2026-02-05 22:38:16,0.2705000,19074.12109851,b,l
2026-02-05 22:38:16,0.2705000,5043.33655540,b,l
2026-02-05 22:38:16,0.2705000,4472.31109030,b,l
2026-02-05 22:38:16,0.2705000,5308.59051367,b,l
2026-02-05 22:40:49,0.2703380,74.00000000,s,m
2026-02-05 22:40:55,0.2705150,21.76427647,b,l
2026-02-05 22:42:51,0.2704240,15.05859035,b,l
2026-02-05 22:43:02,0.2703560,241.80535800,b,l
2026-02-05 22:44:21,0.2702970,278.62822482,s,l
2026-02-05 22:44:21,0.2702960,1112.60853118,s,l
2026-02-05 22:45:22,0.2703110,372.00269900,s,l
2026-02-05 22:45:32,0.2703590,331.30000000,b,m
2026-02-05 22:45:42,0.2703730,678.86267016,b,l
2026-02-05 22:45:42,0.2703740,1965.22564984,b,l
2026-02-05 22:46:10,0.2703200,11183.59739000,s,l
2026-02-05 22:46:10,0.2703190,3799.60429540,s,l
2026-02-05 22:46:13,0.2703740,996.60350700,b,l
2026-02-05 22:46:26,0.2703740,682.50000000,b,m
2026-02-05 22:46:50,0.2703600,12.41539497,b,l
2026-02-05 22:47:23,0.2702640,17.78343458,b,l
2026-02-05 22:47:35,0.2701900,266.22841766,s,l
2026-02-05 22:47:43,0.2702460,276.92841766,b,l
2026-02-05 22:47:43,0.2702470,1695.38797034,b,l
2026-02-05 22:47:50,0.2702000,3766.70000000,b,l
2026-02-05 22:47:50,0.2702000,21167.25337956,b,l
2026-02-05 22:47:50,0.2702000,18997.75545535,b,l
2026-02-05 22:47:51,0.2702000,19398.79652973,b,l
2026-02-05 22:47:57,0.2702000,22114.90812530,b,l
2026-02-05 22:48:17,0.2702000,18719.13829312,b,l
2026-02-05 22:48:18,0.2702000,19008.37807234,b,l
2026-02-05 22:48:18,0.2702000,18664.77985793,b,l
2026-02-05 22:48:19,0.2702000,193.80000000,b,l
2026-02-05 22:48:34,0.2701990,28290.15822060,s,l
2026-02-05 22:48:34,0.2701990,9252.43986839,s,l
2026-02-05 22:48:34,0.2701990,11183.59739000,s,l
2026-02-05 22:48:34,0.2701990,41814.63000000,s,l
2026-02-05 22:48:34,0.2701990,4626.21993419,s,l
2026-02-05 22:48:34,0.2701990,4832.95458682,s,l
2026-02-05 22:48:50,0.2702000,7968.49028667,b,l
2026-02-05 22:48:50,0.2703730,305.70922620,b,l
2026-02-05 22:48:50,0.2703740,21875.26743211,b,l
2026-02-05 22:48:50,0.2703740,19238.60753065,b,l
2026-02-05 22:48:50,0.2703740,317.00000000,b,l
2026-02-05 22:48:50,0.2703740,317.00000000,b,l
2026-02-05 22:48:50,0.2703740,317.00000000,b,l
2026-02-05 22:48:50,0.2703740,174.00000000,b,l
2026-02-05 22:48:50,0.2703740,18802.05572059,b,l
2026-02-05 22:49:59,0.2703740,168.50000000,b,m
2026-02-05 22:50:03,0.2703740,3826.24015981,b,l
2026-02-05 22:50:41,0.2705650,29.17340000,b,l
2026-02-05 22:50:43,0.2703920,342.00000000,s,l
2026-02-05 22:50:43,0.2703910,586.86840166,s,l
2026-02-05 22:50:43,0.2703750,2229.28718534,s,l
2026-02-05 22:52:00,0.2703810,11183.59739000,s,l
2026-02-05 22:52:00,0.2703800,4623.12301205,s,l
2026-02-05 22:52:00,0.2703670,5548.01052267,s,l
2026-02-05 22:52:00,0.2703540,41814.63000000,s,l
2026-02-05 22:52:00,0.2703260,2833.80203507,s,l
2026-02-05 22:52:00,0.2703260,9248.09304321,s,l
2026-02-05 22:52:00,0.2703210,28290.15822060,s,l
2026-02-05 22:52:00,0.2703210,9248.25494890,s,l
2026-02-05 22:52:00,0.2703140,11089.13818914,s,l
2026-02-05 22:52:00,0.2703120,5514.52503066,s,l
2026-02-05 22:52:00,0.2703000,19882.17506693,b,l
2026-02-05 22:52:02,0.2704970,261.73479900,b,l
2026-02-05 22:52:26,0.2706090,2205.30000000,b,l
2026-02-05 22:53:11,0.2705460,20.17673936,b,l
2026-02-05 22:53:18,0.2705460,79.52555000,b,l
2026-02-05 22:54:03,0.2703820,21.79007300,s,l
2026-02-05 22:55:05,0.2704870,480.67464086,s,l
2026-02-05 22:55:05,0.2704850,5545.59402554,s,l
2026-02-05 22:55:05,0.2704820,7182.35754550,s,l
2026-02-05 22:55:10,0.2706070,102.05527400,b,l
2026-02-05 22:55:10,0.2706080,1067.54304252,b,l
2026-02-05 22:55:10,0.2706120,5542.99144162,b,l
2026-02-05 22:55:10,0.2706120,9238.31906936,b,l
2026-02-05 22:55:10,0.2706120,1986.96660950,b,l
2026-02-05 22:55:47,0.2702030,266.52891600,s,l
2026-02-05 22:57:32,0.2702200,88.90000000,s,m
2026-02-05 22:57:50,0.2703570,52.90046400,b,l
2026-02-05 23:00:25,0.2702420,74.00774121,b,m
2026-02-05 23:01:19,0.2703270,88.90000000,b,l
2026-02-05 23:01:19,0.2703280,280.92248520,b,l
2026-02-05 23:01:53,0.2701880,55.51689930,s,l
2026-02-05 23:01:53,0.2700560,1086.91979607,s,l
2026-02-05 23:01:53,0.2700550,5554.41335576,s,l
2026-02-05 23:01:53,0.2700120,651.65424987,s,l
2026-02-05 23:03:23,0.2703640,67.39914800,b,l
2026-02-05 23:03:47,0.2703640,297.04664712,b,l
2026-02-05 23:04:12,0.2703640,1485.28570480,b,l
2026-02-05 23:04:12,0.2703950,55.47439850,b,l
2026-02-05 23:04:12,0.2705290,992.44882930,b,l
2026-02-05 23:04:12,0.2705750,1485.28570480,b,l
2026-02-05 23:04:23,0.2706400,1971.94995800,b,l
2026-02-05 23:05:06,0.2707770,55.26172415,b,l
2026-02-05 23:05:18,0.2707770,0.13441355,b,l
2026-02-05 23:05:18,0.2707770,39.64104933,b,l
2026-02-05 23:05:39,0.2707760,42.67695218,b,l
2026-02-05 23:05:40,0.2706280,11183.59739000,s,l
2026-02-05 23:05:40,0.2706270,5542.68421110,s,l
2026-02-05 23:05:41,0.2705360,342.00000000,s,l
2026-02-05 23:05:41,0.2705350,85.06623020,s,l
2026-02-05 23:05:41,0.2705350,85.06623020,s,l
2026-02-05 23:05:41,0.2707680,18.41810100,b,l
2026-02-05 23:05:41,0.2704960,83.45152160,s,l
2026-02-05 23:05:41,0.2704960,83.45152160,s,l
2026-02-05 23:05:41,0.2704570,75.52362710,s,l
2026-02-05 23:05:41,0.2704570,75.52362710,s,l
2026-02-05 23:05:42,0.2704570,1295.23020430,s,l
2026-02-05 23:06:30,0.2704710,729.07263451,s,l
2026-02-05 23:06:30,0.2704390,2957.23385749,s,l
2026-02-05 23:07:03,0.2704540,159.41189572,s,l
2026-02-05 23:07:03,0.2704530,4839.08810428,s,l
2026-02-05 23:07:20,0.2704420,412.58768867,s,l
2026-02-05 23:07:33,0.2705300,66.72500000,s,m
2026-02-05 23:07:35,0.2707000,73.14588300,b,l
2026-02-05 23:08:12,0.2705620,25.07206100,b,l
2026-02-05 23:08:52,0.2704390,150.82503700,s,l
2026-02-05 23:09:32,0.2705490,97.12459100,b,l
2026-02-05 23:09:32,0.2705710,1848.31610000,b,l
2026-02-05 23:09:59,0.2708050,13.07238000,b,l
2026-02-05 23:10:15,0.2708050,242.70935700,b,l
2026-02-05 23:10:15,0.2708320,756.79064298,b,l
2026-02-05 23:11:26,0.2706840,63.40000000,b,m
2026-02-05 23:12:06,0.2707020,220.59214100,b,l
2026-02-05 23:14:02,0.2703430,262.46011800,b,l
2026-02-05 23:14:08,0.2704120,196.15674200,b,l
2026-02-05 23:15:12,0.2702760,1600.00000000,b,l
2026-02-05 23:15:12,0.2702770,5549.86180840,b,l
2026-02-05 23:15:18,0.2703420,1600.00000000,b,l
2026-02-05 23:15:31,0.2703550,171.88977100,b,l
2026-02-05 23:16:01,0.2702360,261.26517500,s,l
2026-02-05 23:16:12,0.2701900,179.53610200,b,l
2026-02-05 23:17:40,0.2700400,7.11944990,b,l
2026-02-05 23:17:43,0.2700930,93.45277600,b,l
2026-02-05 23:18:06,0.2701200,1265.62500000,s,l
2026-02-05 23:18:06,0.2701010,1724.43596800,s,l
2026-02-05 23:18:42,0.2700510,4628.75530918,s,l
2026-02-05 23:18:42,0.2700210,5555.10317111,s,l
2026-02-05 23:18:42,0.2700180,1265.62500000,s,l
2026-02-05 23:18:42,0.2700020,592.00000000,s,l
2026-02-05 23:18:42,0.2700020,7542.00000000,s,l
2026-02-05 23:18:42,0.2700020,1125.19067266,s,l
2026-02-05 23:18:42,0.2699890,130.55464749,s,l
2026-02-05 23:18:42,0.2699880,898.44816975,s,l
2026-02-05 23:18:42,0.2700410,4628.92671853,s,l
2026-02-05 23:18:42,0.2699560,7724.96348422,s,l
2026-02-05 23:18:42,0.2700330,4629.06385515,s,l
2026-02-05 23:18:42,0.2699820,6166.60284485,s,l
2026-02-05 23:18:42,0.2699820,3093.27373951,s,l
2026-02-05 23:18:42,0.2699280,4630.86452683,s,l
2026-02-05 23:18:42,0.2699090,5555.09596256,s,l
2026-02-05 23:18:42,0.2698770,9263.47928871,s,l
2026-02-05 23:18:42,0.2698080,32943.70720735,s,l
2026-02-05 23:18:46,0.2699840,1265.62500000,b,m
2026-02-05 23:18:46,0.2700100,860.12330064,b,m
2026-02-05 23:18:46,0.2700100,21.23167429,b,m
2026-02-05 23:18:46,0.2700110,1265.62500000,b,m
2026-02-05 23:18:46,0.2700370,5554.79434299,b,m
2026-02-05 23:18:46,0.2700370,5847.41549689,b,m
2026-02-05 23:18:46,0.2698420,1265.62500000,s,m
2026-02-05 23:18:46,0.2698110,342.60915890,s,m
2026-02-05 23:18:46,0.2698110,17.96058269,s,m
2026-02-05 23:18:46,0.2698110,176.87031514,s,m
2026-02-05 23:18:46,0.2698110,2253.89159271,s,m
2026-02-05 23:19:03,0.2698890,1265.62500000,b,l
2026-02-05 23:19:03,0.2699050,52.91791700,b,l
2026-02-05 23:19:31,0.2699530,98.60000000,b,m
2026-02-05 23:19:43,0.2698790,37.15881200,b,l
2026-02-05 23:20:11,0.2699130,36.41136400,b,l
2026-02-05 23:20:34,0.2699110,66.22500000,s,m
2026-02-05 23:20:47,0.2699110,2143.77500000,s,l
2026-02-05 23:20:47,0.2699110,897.40000000,s,l
2026-02-05 23:20:51,0.2699390,897.30000000,s,l
2026-02-05 23:20:56,0.2699390,15.00000000,s,l
2026-02-05 23:21:00,0.2699390,882.30000000,s,l
2026-02-05 23:21:00,0.2699390,2209.90000000,s,l
2026-02-05 23:21:06,0.2699380,897.30000000,s,l
2026-02-05 23:21:06,0.2699380,2209.90000000,s,l
2026-02-05 23:21:08,0.2698230,19.00000000,s,m
2026-02-05 23:21:12,0.2698340,4.14832925,b,l
2026-02-05 23:21:17,0.2698230,2191.00000000,s,l
2026-02-05 23:21:17,0.2698220,897.30000000,s,l
2026-02-05 23:21:17,0.2698220,897.30000000,s,l
2026-02-05 23:21:23,0.2698090,2210.40000000,s,l
2026-02-05 23:21:23,0.2698080,897.50000000,s,l
2026-02-05 23:21:23,0.2698070,55.59529580,s,l
2026-02-05 23:21:23,0.2698200,5559.26173004,b,l
2026-02-05 23:21:23,0.2698200,1265.62500000,b,l
2026-02-05 23:21:23,0.2698210,11183.59739000,b,l
2026-02-05 23:21:23,0.2698220,203.63256196,b,l
2026-02-05 23:22:05,0.2697950,241.54526800,b,l
2026-02-05 23:22:21,0.2697520,212.67079100,b,l
2026-02-05 23:22:27,0.2697240,539.87020700,b,l
2026-02-05 23:22:38,0.2697000,37.22670600,b,l
2026-02-05 23:22:41,0.2696880,12.07770301,b,l
2026-02-05 23:22:58,0.2695940,5237.39924120,s,l
2026-02-05 23:23:01,0.2696040,594.70276190,s,l
2026-02-05 23:23:03,0.2696520,1265.62500000,b,l
2026-02-05 23:23:03,0.2696720,714.57825000,b,l
2026-02-05 23:23:21,0.2696020,4636.46412118,s,l
2026-02-05 23:23:42,0.2695960,73.08793200,b,l
2026-02-05 23:23:43,0.2695860,4636.73929655,s,l
2026-02-05 23:24:09,0.2696230,296.66988060,s,m
2026-02-05 23:24:12,0.2696230,286.47589712,s,m
2026-02-05 23:24:18,0.2697940,761.80489000,b,l
2026-02-05 23:25:33,0.2697930,33.76122600,b,l
2026-02-05 23:28:16,0.2697520,1265.62500000,s,l
2026-02-05 23:28:18,0.2697320,1265.62500000,s,l
2026-02-05 23:28:18,0.2697180,328.92762000,s,l
2026-02-05 23:28:18,0.2697060,213.18794285,s,l
2026-02-05 23:28:19,0.2697050,21400.00000000,s,l
2026-02-05 23:28:36,0.2697080,74.74436324,s,l
2026-02-05 23:28:36,0.2697080,80.55609876,s,l
2026-02-05 23:28:38,0.2697590,486.49554500,s,l
2026-02-05 23:31:11,0.2697680,12.58572244,b,l
2026-02-05 23:31:18,0.2697600,342.00000000,b,l
2026-02-05 23:31:21,0.2697170,202.80000000,s,m
2026-02-05 23:32:02,0.2698960,111.97225000,b,l
2026-02-05 23:32:02,0.2698970,1852.92590000,b,l
2026-02-05 23:32:24,0.2700820,370.25792160,s,l
2026-02-05 23:32:24,0.2700670,1265.62500000,s,l
2026-02-05 23:32:32,0.2700550,370.29493991,s,l
2026-02-05 23:32:32,0.2700550,229.70506009,s,l
2026-02-05 23:33:18,0.2700060,652.77006300,s,l
2026-02-05 23:33:51,0.2700090,1659.28101500,s,l
2026-02-05 23:33:56,0.2700260,23.59740100,b,l
2026-02-05 23:34:29,0.2700100,109.25643135,s,l
2026-02-05 23:34:45,0.2700100,1109.50409900,s,l
2026-02-05 23:35:12,0.2700210,6914.92458570,s,l
2026-02-05 23:35:13,0.2698960,1265.62500000,s,l
2026-02-05 23:35:14,0.2699060,102.90219700,s,l
2026-02-05 23:35:14,0.2699060,102.90219700,s,l
2026-02-05 23:35:17,0.2699030,1265.62500000,s,l
2026-02-05 23:35:49,0.2698200,21.70153265,s,l
2026-02-05 23:37:04,0.2697470,342.70000000,b,m
2026-02-05 23:37:10,0.2697160,112.68814881,s,l
2026-02-05 23:38:06,0.2697700,1265.62500000,s,m
2026-02-05 23:38:06,0.2697440,342.00000000,s,m
2026-02-05 23:38:06,0.2697430,392.37500000,s,m
2026-02-05 23:38:16,0.2698330,1265.62500000,b,l
2026-02-05 23:39:23,0.2697120,1265.62500000,s,m
2026-02-05 23:39:23,0.2697040,444.34682587,s,m
2026-02-05 23:40:57,0.2697140,470.09054035,s,l
2026-02-05 23:40:57,0.2697140,219.34345269,s,l
2026-02-05 23:41:56,0.2695790,589.81743180,s,m
2026-02-05 23:42:17,0.2694930,60.12399632,b,l
2026-02-05 23:43:22,0.2695920,342.00000000,b,l
2026-02-05 23:43:22,0.2695920,1265.62500000,b,l
2026-02-05 23:43:22,0.2695930,1265.62500000,b,l
2026-02-05 23:43:22,0.2695970,7932.50538900,b,l
2026-02-05 23:43:48,0.2696850,61.90000000,b,m
2026-02-05 23:43:50,0.2696810,721.94853632,b,l
2026-02-05 23:43:50,0.2696810,1255.07752668,b,l
2026-02-05 23:44:22,0.2696610,97.20258200,b,l
2026-02-05 23:44:47,0.2695090,60.55631812,s,l
2026-02-05 23:44:47,0.2694650,931.40952347,s,l
2026-02-05 23:44:50,0.2694240,17.41523136,s,m
2026-02-05 23:44:51,0.2694240,38.25909604,s,l
2026-02-05 23:45:02,0.2694160,36.38858400,b,l
2026-02-05 23:45:42,0.2694090,59.59905610,s,l
2026-02-05 23:45:42,0.2693710,5568.52257466,s,l
2026-02-05 23:46:00,0.2692860,262.50000000,s,l
2026-02-05 23:46:06,0.2693050,72.98794900,b,l
2026-02-05 23:46:08,0.2693040,177.31057100,b,l
2026-02-05 23:46:08,0.2693040,88.19228500,b,l
2026-02-05 23:46:10,0.2693000,500.00000000,b,l
2026-02-05 23:46:23,0.2692990,0.00000001,b,m
2026-02-05 23:46:43,0.2693530,360.41341900,b,l
2026-02-05 23:47:41,0.2692170,150.00000000,s,m
2026-02-05 23:47:53,0.2692670,364.09666100,b,l
2026-02-05 23:47:55,0.2692840,1265.62500000,b,l
2026-02-05 23:48:48,0.2692800,1265.62500000,b,l
2026-02-05 23:48:49,0.2693140,7295.63187590,b,l
2026-02-05 23:48:49,0.2693140,3390.42919220,b,l
2026-02-05 23:48:49,0.2693140,497.53632190,b,l
2026-02-05 23:48:49,0.2693140,1265.62500000,b,l
2026-02-05 23:49:20,0.2692080,12.25874700,s,l
2026-02-05 23:49:40,0.2692610,1136.25000000,b,l
2026-02-05 23:49:57,0.2692770,68.58612800,b,l
2026-02-05 23:50:07,0.2692070,18.57306830,s,l
2026-02-05 23:50:19,0.2692630,29.74786733,b,m
2026-02-05 23:50:24,0.2691890,4408.56554982,s,l
2026-02-05 23:50:24,0.2691890,107.70776601,s,l
2026-02-05 23:50:28,0.2691890,35.58078200,s,l
2026-02-05 23:50:36,0.2691870,3797.67618185,s,l
2026-02-05 23:50:36,0.2691870,18.98838091,s,l
2026-02-05 23:51:07,0.2692300,24.61830900,b,l
2026-02-05 23:51:08,0.2691870,1940.80649223,s,l
2026-02-05 23:51:09,0.2691870,1240.63945207,s,l
2026-02-05 23:51:24,0.2691870,3182.06827557,s,l
2026-02-05 23:51:24,0.2691870,15.91034138,s,l
2026-02-05 23:51:38,0.2691810,116.51774456,s,l
2026-02-05 23:51:38,0.2691290,19.00000000,s,l
2026-02-05 23:51:38,0.2690730,1265.62500000,s,l
2026-02-05 23:51:38,0.2690580,63.26642834,s,l
2026-02-05 23:51:38,0.2690840,1265.62500000,s,m
2026-02-05 23:51:38,0.2690830,234.37500000,s,m
2026-02-05 23:51:38,0.2690830,343.31174500,s,l
2026-02-05 23:51:38,0.2690830,33.11900800,s,l
2026-02-05 23:51:53,0.2690850,69.38750600,b,l
2026-02-05 23:52:00,0.2690200,31.70874400,s,l
2026-02-05 23:52:25,0.2690390,2666.25115612,s,l
2026-02-05 23:52:40,0.2690540,37.20323370,s,l
2026-02-05 23:52:47,0.2690080,23.62820025,s,l
2026-02-05 23:52:48,0.2690080,68.53000000,s,l
2026-02-05 23:52:50,0.2690090,164.35927496,s,l
2026-02-05 23:52:57,0.2690630,181.26045360,b,l
2026-02-05 23:53:06,0.2690460,116.18626905,s,l
2026-02-05 23:53:08,0.2690630,357.26800043,b,l
2026-02-05 23:53:24,0.2690600,2178.11578981,s,l
2026-02-05 23:53:24,0.2690600,68.97366667,s,l
2026-02-05 23:53:45,0.2690540,350.23336014,s,l
2026-02-05 23:53:51,0.2690180,1873.75517499,s,l
2026-02-05 23:54:24,0.2690720,1265.62500000,b,m
2026-02-05 23:54:24,0.2690850,220.95527436,b,m
2026-02-05 23:54:31,0.2690770,969.79241100,s,l
2026-02-05 23:54:34,0.2690780,4.00000000,b,l
2026-02-05 23:54:39,0.2690720,1571.52832714,s,l
2026-02-05 23:54:52,0.2690040,55.90500275,s,l
2026-02-05 23:54:52,0.2690000,15.00000000,s,l
2026-02-05 23:54:52,0.2689970,1265.62500000,s,l
2026-02-05 23:55:02,0.2690760,1265.62500000,b,l
2026-02-05 23:55:20,0.2690900,1265.62500000,b,m
2026-02-05 23:55:20,0.2691060,222.11681902,b,m
2026-02-05 23:55:21,0.2691060,239.48662500,b,l
2026-02-05 23:55:27,0.2690580,1318.04907919,s,l
2026-02-05 23:55:31,0.2689720,1265.62500000,s,l
2026-02-05 23:55:31,0.2689460,7102.26471000,s,l
2026-02-05 23:55:37,0.2689270,73.23513000,s,m
2026-02-05 23:55:37,0.2690060,74.36437000,b,m
2026-02-05 23:55:41,0.2690230,184.02916800,b,l
2026-02-05 23:56:03,0.2690160,1105.45469980,s,l
2026-02-05 23:56:14,0.2689990,214.64636130,s,l
2026-02-05 23:56:16,0.2689990,8872.49063410,s,l
2026-02-05 23:56:34,0.2689280,1265.62500000,s,l
2026-02-05 23:56:34,0.2690270,251.50000000,b,m
2026-02-05 23:57:03,0.2689940,55.62426500,b,l
2026-02-05 23:57:24,0.2689940,8.36340600,b,m
2026-02-05 23:57:24,0.2690780,112.03659400,b,m
2026-02-05 23:58:00,0.2690660,371.65602491,s,l
2026-02-05 23:58:00,0.2690650,903.06883919,s,l
2026-02-05 23:58:00,0.2690650,28.59717991,s,l
2026-02-05 23:58:23,0.2689610,18053.73868610,s,l
2026-02-05 23:58:30,0.2689430,50.74616100,b,l
2026-02-05 23:58:31,0.2689190,776.87784953,s,l
2026-02-05 23:58:42,0.2690020,83.00873600,b,l
2026-02-05 23:58:54,0.2689470,1265.62500000,s,l
2026-02-05 23:59:03,0.2689480,651.57154124,s,l
2026-02-05 23:59:51,0.2689570,546.47648097,s,l
2026-02-06 00:00:04,0.2689660,32.92515741,b,l
2026-02-06 00:00:04,0.2689660,1265.62500000,b,l
2026-02-06 00:00:06,0.2689680,2168.33000000,s,l
2026-02-06 00:00:12,0.2689690,1265.62500000,s,l
2026-02-06 00:00:20,0.2689690,1265.62500000,s,l
2026-02-06 00:00:29,0.2690450,50.00000000,b,l
2026-02-06 00:00:51,0.2689790,1265.62500000,s,l
2026-02-06 00:01:00,0.2689850,1265.62500000,s,l
2026-02-06 00:01:37,0.2689770,210.65779560,s,l
2026-02-06 00:01:49,0.2689560,1265.62500000,b,l
2026-02-06 00:01:49,0.2689720,464.73238850,b,l
2026-02-06 00:01:49,0.2689720,7632.87103935,b,l
2026-02-06 00:01:50,0.2689550,381.97364192,b,l
2026-02-06 00:01:50,0.2689550,1265.62500000,b,l
2026-02-06 00:01:52,0.2689990,15.74900000,b,l
2026-02-06 00:02:05,0.2689560,4222.48948480,s,l
2026-02-06 00:02:07,0.2689550,7332.72227300,s,l
2026-02-06 00:02:09,0.2689550,1936.26622894,s,l
2026-02-06 00:02:11,0.2689860,15.74900000,b,l
2026-02-06 00:02:21,0.2689560,3200.00000000,s,l
2026-02-06 00:02:24,0.2689710,10694.54032824,b,l
2026-02-06 00:02:32,0.2689530,7332.72227300,s,l
2026-02-06 00:02:32,0.2689530,1600.00000000,s,l
2026-02-06 00:02:36,0.2689530,2237.34195486,s,l
2026-02-06 00:02:57,0.2688260,526.25679500,s,l
2026-02-06 00:02:57,0.2688260,12439.00000000,s,m
2026-02-06 00:03:08,0.2688570,15.74900000,b,l
2026-02-06 00:03:13,0.2688260,446.42795529,s,l
2026-02-06 00:03:13,0.2688260,7057.62205210,s,l
2026-02-06 00:03:13,0.2688260,352.88110260,s,l
2026-02-06 00:03:15,0.2688270,1600.00000000,s,l
2026-02-06 00:03:16,0.2688280,95.63267560,s,l
2026-02-06 00:03:18,0.2688290,51.58298649,s,l
2026-02-06 00:03:23,0.2688250,7332.72227300,s,l
2026-02-06 00:03:25,0.2688260,1265.62500000,b,l
2026-02-06 00:03:26,0.2688560,15.74900000,b,l
2026-02-06 00:03:26,0.2688560,7746.03742760,b,l
2026-02-06 00:03:26,0.2688560,3421.81096240,b,l
2026-02-06 00:03:26,0.2688560,457.07418230,b,l
2026-02-06 00:03:26,0.2688560,808.55081770,b,l
2026-02-06 00:03:26,0.2688570,1081.28228993,b,l
2026-02-06 00:03:30,0.2688250,3850.66666662,s,l
2026-02-06 00:03:30,0.2688000,372.02380952,s,l
2026-02-06 00:03:31,0.2688830,51.69399700,b,l
2026-02-06 00:03:38,0.2688360,960.54467954,s,l
2026-02-06 00:03:38,0.2688260,6372.17759346,s,l
2026-02-06 00:03:42,0.2689120,15.74900000,b,l
2026-02-06 00:03:45,0.2689110,139.70642700,b,l
2026-02-06 00:04:01,0.2688740,30259.28660350,s,l
2026-02-06 00:04:01,0.2688740,75.64821650,s,l
2026-02-06 00:04:01,0.2688730,8742.49082750,s,l
2026-02-06 00:04:01,0.2688730,1512.96433020,s,l
2026-02-06 00:04:01,0.2688730,75.64821650,s,l
2026-02-06 00:04:07,0.2688730,849.78476101,s,l
2026-02-06 00:04:07,0.2689070,18.04667200,b,l
2026-02-06 00:04:12,0.2688490,7332.72227300,s,l
2026-02-06 00:04:14,0.2688490,3850.87511700,s,l
2026-02-06 00:04:14,0.2686840,1265.62500000,s,l
2026-02-06 00:04:14,0.2686730,372.19966279,s,l
2026-02-06 00:04:17,0.2687040,120.73761039,s,l
2026-02-06 00:04:17,0.2687030,5460.24240961,s,l
2026-02-06 00:04:22,0.2687970,1265.62500000,b,l
2026-02-06 00:04:22,0.2687970,1265.62500000,b,l
2026-02-06 00:04:24,0.2687210,1265.62500000,s,l
2026-02-06 00:04:27,0.2687230,53.20002400,s,l
2026-02-06 00:04:59,0.2687700,15.74900000,b,l
2026-02-06 00:05:10,0.2687770,1265.62500000,s,l
2026-02-06 00:05:19,0.2688230,15.74900000,b,l
2026-02-06 00:05:20,0.2687550,1265.62500000,s,l
2026-02-06 00:05:38,0.2687690,15.74900000,b,l
2026-02-06 00:05:42,0.2687360,376.29177389,s,l
2026-02-06 00:05:50,0.2687350,283.10518690,s,l
2026-02-06 00:05:50,0.2687350,283.10518690,s,l
2026-02-06 00:05:50,0.2687350,7332.72227300,s,l
2026-02-06 00:05:50,0.2687350,3289.87854201,s,l
2026-02-06 00:05:50,0.2687350,1834.32533919,s,l
2026-02-06 00:05:51,0.2687350,325.63233856,s,l
2026-02-06 00:05:55,0.2687090,15.74900000,b,l
2026-02-06 00:05:56,0.2685490,1265.62500000,s,l
2026-02-06 00:05:58,0.2685910,1265.62500000,s,l
2026-02-06 00:05:58,0.2685850,342.00000000,s,l
2026-02-06 00:05:58,0.2685840,1265.62500000,s,l
2026-02-06 00:05:58,0.2685720,661.12500000,s,l
2026-02-06 00:06:00,0.2685790,1265.62500000,b,l
2026-02-06 00:06:00,0.2685750,342.00000000,b,l
2026-02-06 00:06:00,0.2685910,1265.62500000,b,l
2026-02-06 00:06:00,0.2685990,11183.59739000,b,l
2026-02-06 00:06:04,0.2687630,55.84948900,b,l
2026-02-06 00:06:04,0.2685860,1265.62500000,s,m
2026-02-06 00:06:04,0.2685820,3734.41362700,s,m
2026-02-06 00:06:26,0.2686030,1265.62500000,b,l
2026-02-06 00:06:26,0.2686070,11095.30102200,b,l
2026-02-06 00:06:26,0.2686080,6897.05134217,b,l
2026-02-06 00:06:50,0.2685880,1265.62500000,b,l
2026-02-06 00:06:56,0.2687290,6203.49060840,b,l
2026-02-06 00:06:56,0.2687290,4980.10678160,b,l
2026-02-06 00:06:56,0.2687290,1265.62500000,b,l
2026-02-06 00:06:56,0.2687300,273.10955610,b,l
2026-02-06 00:06:57,0.2687900,1600.00000000,b,l
2026-02-06 00:06:57,0.2687900,1265.62500000,b,l
2026-02-06 00:06:57,0.2687910,1600.00000000,b,l
2026-02-06 00:06:57,0.2689000,1600.00000000,b,l
2026-02-06 00:06:57,0.2689000,1265.62500000,b,l
2026-02-06 00:06:57,0.2689000,1114.43845020,b,l
2026-02-06 00:06:57,0.2689010,18.97960020,b,l
2026-02-06 00:06:57,0.2689100,1600.00000000,b,l
2026-02-06 00:06:57,0.2689100,1265.62500000,b,l
2026-02-06 00:06:58,0.2686890,1265.62500000,s,l
2026-02-06 00:06:58,0.2686630,1114.43845020,s,l
2026-02-06 00:06:59,0.2688590,1265.62500000,b,l
2026-02-06 00:07:04,0.2687570,1265.62500000,s,l
2026-02-06 00:07:06,0.2687610,60.75017201,s,m
2026-02-06 00:07:28,0.2686390,1265.62500000,s,l
2026-02-06 00:07:32,0.2686720,1262.47327049,b,l
2026-02-06 00:07:40,0.2686980,1265.62500000,b,l
2026-02-06 00:07:42,0.2688030,15.74900000,b,l
2026-02-06 00:07:42,0.2685760,821.84360587,s,l
2026-02-06 00:07:43,0.2686300,148.15639413,s,l
2026-02-06 00:08:00,0.2686760,15.74900000,b,l
2026-02-06 00:08:12,0.2686520,83.85252540,s,l
2026-02-06 00:08:12,0.2686520,83.85252540,s,l
2026-02-06 00:08:14,0.2684680,75.88653550,s,l
2026-02-06 00:08:14,0.2684680,75.88653550,s,l
2026-02-06 00:08:19,0.2685550,1265.62499999,b,l
2026-02-06 00:08:19,0.2685550,1265.62499999,b,l
2026-02-06 00:08:19,0.2684500,1265.62500000,s,l
2026-02-06 00:08:19,0.2684490,3534.37500000,s,l
2026-02-06 00:08:21,0.2685270,1265.62500000,b,l
2026-02-06 00:08:21,0.2685530,966.31713384,b,l
2026-02-06 00:08:21,0.2685540,1265.62499999,b,l
2026-02-06 00:08:21,0.2684530,1265.62500000,s,l
2026-02-06 00:08:23,0.2684610,1265.62500000,s,l
2026-02-06 00:08:26,0.2685550,815.58387338,b,l
2026-02-06 00:08:26,0.2685550,450.04112661,b,l
2026-02-06 00:08:27,0.2685810,149.07286949,b,l
2026-02-06 00:08:27,0.2685810,1265.62500000,b,l
2026-02-06 00:08:27,0.2686050,68.30713539,b,l
2026-02-06 00:08:28,0.2684480,1265.62500000,s,l
2026-02-06 00:08:28,0.2684390,14583.78354000,s,l
2026-02-06 00:08:29,0.2684560,1265.62500000,s,l
2026-02-06 00:08:29,0.2684410,927.32782760,s,l
2026-02-06 00:08:29,0.2684410,927.32782760,s,l
2026-02-06 00:08:30,0.2686360,1265.62500000,b,l
2026-02-06 00:08:30,0.2686570,4664.37500000,b,l
2026-02-06 00:08:32,0.2686040,185.36058044,b,l
2026-02-06 00:08:33,0.2684480,800.00000000,s,l
2026-02-06 00:08:35,0.2685780,1265.62500000,b,l
2026-02-06 00:08:35,0.2685770,1265.62500000,b,l
2026-02-06 00:08:35,0.2686030,1265.62500000,b,l
2026-02-06 00:08:40,0.2686840,5928.00000000,b,l
2026-02-06 00:08:42,0.2685260,1115.39000333,s,l
2026-02-06 00:08:48,0.2686690,1265.62500000,b,l
2026-02-06 00:08:48,0.2686720,1699.01489258,b,l
2026-02-06 00:08:49,0.2686720,1265.62500000,b,l
2026-02-06 00:08:49,0.2687110,185.00000000,b,l
2026-02-06 00:08:50,0.2687080,185.26103210,b,l
2026-02-06 00:09:00,0.2685360,154.99704880,s,l
2026-02-06 00:09:08,0.2686530,840.38781123,b,l
2026-02-06 00:09:08,0.2686530,1265.62500000,b,l
2026-02-06 00:09:08,0.2686550,3841.81824346,b,l
2026-02-06 00:09:13,0.2686470,372.50000000,b,l
2026-02-06 00:09:13,0.2686460,15.74900000,b,l
2026-02-06 00:09:15,0.2686430,5950.65429688,b,l
2026-02-06 00:09:16,0.2685390,803.29668399,s,l
2026-02-06 00:09:17,0.2685330,223.10885280,s,l
2026-02-06 00:09:18,0.2685330,467.92175398,s,l
2026-02-06 00:09:19,0.2686320,743.83453369,b,l
2026-02-06 00:09:19,0.2685330,7332.72227300,s,l
2026-02-06 00:09:19,0.2685330,3182.61233566,s,l
2026-02-06 00:09:20,0.2686310,1265.62500000,b,l
2026-02-06 00:09:20,0.2686310,16.96640696,b,l
2026-02-06 00:09:20,0.2686370,4664.40859304,b,l
2026-02-06 00:09:24,0.2685750,1032.54692489,b,l
2026-02-06 00:09:24,0.2685750,1265.62499991,b,l
2026-02-06 00:09:24,0.2685850,5584.82417110,b,l
2026-02-06 00:09:25,0.2686210,15.16675594,b,l
2026-02-06 00:09:25,0.2686220,1265.62499996,b,l
2026-02-06 00:09:26,0.2684540,1265.62500000,s,l
2026-02-06 00:09:26,0.2684390,1017.52390168,s,l
2026-02-06 00:09:26,0.2684370,27.31570802,s,l
2026-02-06 00:09:29,0.2685900,1265.62500000,b,l
2026-02-06 00:09:29,0.2685900,1265.62500000,b,l
2026-02-06 00:09:29,0.2686160,5584.17964678,b,l
2026-02-06 00:09:29,0.2686160,1265.62499992,b,l
2026-02-06 00:09:29,0.2686430,1017.52390168,b,l
2026-02-06 00:09:29,0.2686440,1265.62499992,b,l
2026-02-06 00:09:29,0.2686690,5583.07806259,b,l
2026-02-06 00:09:29,0.2686700,2221.70000000,b,l
2026-02-06 00:09:29,0.2686700,1265.62500000,b,l
2026-02-06 00:09:29,0.2686900,234.00076241,b,l
2026-02-06 00:09:30,0.2686690,5583.07806250,b,l
2026-02-06 00:09:30,0.2686890,6164.34391970,b,l
2026-02-06 00:09:30,0.2686890,3687.96204990,b,l
2026-02-06 00:09:30,0.2686890,1331.29142040,b,l
2026-02-06 00:09:34,0.2686860,1119.18968610,b,l
2026-02-06 00:09:38,0.2686820,1265.62499999,b,l
2026-02-06 00:09:40,0.2687300,1265.62500000,b,l
2026-02-06 00:09:40,0.2687550,112.98330396,b,l
2026-02-06 00:09:40,0.2687560,1221.39139551,b,l
2026-02-06 00:09:42,0.2687560,15.74900000,b,l
2026-02-06 00:09:47,0.2684990,1265.62500000,s,l
2026-02-06 00:09:47,0.2684780,1115.39000333,s,l
2026-02-06 00:09:55,0.2684900,193.07213851,s,l
2026-02-06 00:09:58,0.2686190,169.90000000,b,m
2026-02-06 00:09:59,0.2684650,1265.62500000,s,l
2026-02-06 00:10:00,0.2684640,800.00000000,s,l
2026-02-06 00:10:06,0.2687020,15.74900000,b,l
2026-02-06 00:10:16,0.2684950,342.00000000,s,l
2026-02-06 00:10:16,0.2684940,5586.71266709,s,l
2026-02-06 00:10:16,0.2684650,1265.62500000,s,l
2026-02-06 00:10:20,0.2685070,1265.62500000,s,l
2026-02-06 00:10:20,0.2684830,40346.34794060,s,l
2026-02-06 00:10:20,0.2683840,1265.62500000,s,l
2026-02-06 00:10:23,0.2683900,1265.62500000,b,l
2026-02-06 00:10:23,0.2683930,342.00000000,b,l
2026-02-06 00:10:23,0.2683930,11183.59739000,b,l
2026-02-06 00:10:23,0.2683940,1265.62500000,b,l
2026-02-06 00:10:23,0.2684140,7071.61969149,b,l
2026-02-06 00:10:25,0.2686570,100.00000000,b,l
2026-02-06 00:10:28,0.2685150,342.00000000,s,l
2026-02-06 00:10:36,0.2684960,16963.03734530,s,l
2026-02-06 00:10:43,0.2684960,161.93061875,s,l
2026-02-06 00:10:43,0.2684960,837.80168244,s,l
2026-02-06 00:10:53,0.2684850,1265.62500000,s,l
2026-02-06 00:10:54,0.2685160,1265.62500000,b,l
2026-02-06 00:10:54,0.2685420,342.00000000,b,l
2026-02-06 00:10:54,0.2685430,1265.62500000,b,l
2026-02-06 00:10:54,0.2685700,511.16308476,b,l
2026-02-06 00:10:55,0.2685970,1265.62500000,b,l
2026-02-06 00:11:05,0.2685050,1265.62500000,s,l
2026-02-06 00:11:05,0.2685010,342.00000000,s,l
2026-02-06 00:11:05,0.2684980,87.85284480,s,l
2026-02-06 00:11:06,0.2684900,1265.62500000,b,l
2026-02-06 00:11:06,0.2685160,342.00000000,b,l
2026-02-06 00:11:06,0.2685170,364.34798372,b,l
2026-02-06 00:11:07,0.2685160,644.91962116,b,l
2026-02-06 00:11:10,0.2684910,711.00000000,s,l
2026-02-06 00:11:10,0.2686480,1265.62500000,b,l
2026-02-06 00:11:10,0.2686320,1265.62500000,b,l
2026-02-06 00:11:10,0.2686570,11216.00000000,b,l
2026-02-06 00:11:10,0.2686570,1265.62500000,b,l
2026-02-06 00:11:10,0.2686580,4317.69943050,b,l
2026-02-06 00:11:15,0.2686520,1265.62500000,b,l
2026-02-06 00:11:23,0.2687060,458.32322697,b,l
2026-02-06 00:11:23,0.2687060,1265.62500000,b,l
2026-02-06 00:11:23,0.2687070,4221.79689022,b,l
2026-02-06 00:11:29,0.2687640,1265.62500000,b,l
2026-02-06 00:11:29,0.2687640,4109.65709630,b,l
2026-02-06 00:11:29,0.2687640,7073.94029370,b,l
2026-02-06 00:11:29,0.2687640,1265.62500000,b,l
2026-02-06 00:11:29,0.2687650,5581.08384648,b,l
2026-02-06 00:11:29,0.2687650,1214.37501182,b,l
2026-02-06 00:11:29,0.2687650,8087.43139898,b,l
2026-02-06 00:11:29,0.2687650,1265.62500000,b,l
2026-02-06 00:11:29,0.2687700,559.28692832,b,l
2026-02-06 00:11:29,0.2687700,4809.87084960,b,l
2026-02-06 00:11:29,0.2687700,8162.32932370,b,l
2026-02-06 00:11:37,0.2685440,1115.39000330,s,l
2026-02-06 00:11:38,0.2687170,110.00000000,b,m
2026-02-06 00:11:41,0.2685100,1265.62500000,s,l
2026-02-06 00:11:41,0.2685090,187.58921740,s,l
2026-02-06 00:11:42,0.2685080,1265.62500000,s,l
2026-02-06 00:11:45,0.2684780,67.96339937,s,l
2026-02-06 00:11:45,0.2684510,1265.62500000,s,l
2026-02-06 00:11:45,0.2684000,1265.62500000,s,l
2026-02-06 00:11:46,0.2683550,342.00000000,s,l
2026-02-06 00:11:46,0.2683550,1265.62500000,s,l
2026-02-06 00:11:46,0.2683530,110.00000003,s,l
2026-02-06 00:11:46,0.2683510,24772.81379617,s,l
2026-02-06 00:11:50,0.2683730,1265.62500000,b,l
2026-02-06 00:11:50,0.2683810,342.00000000,b,l
2026-02-06 00:11:51,0.2684130,19.14731234,b,l
2026-02-06 00:11:54,0.2684130,185.87380981,b,l
2026-02-06 00:11:54,0.2684120,371.87445068,b,l
2026-02-06 00:11:57,0.2684930,29.04192062,b,l
2026-02-06 00:12:04,0.2684880,6.94287100,b,l
2026-02-06 00:12:06,0.2684860,635.79506173,b,l
2026-02-06 00:12:06,0.2684860,1265.62500000,b,l
2026-02-06 00:12:06,0.2684870,4362.16657627,b,l
2026-02-06 00:12:06,0.2684870,6821.43081373,b,l
2026-02-06 00:12:07,0.2686270,11216.00000000,b,l
2026-02-06 00:12:07,0.2686270,61.82080960,b,l
2026-02-06 00:12:07,0.2686270,1203.80419040,b,l
2026-02-06 00:12:07,0.2686560,1265.62500000,b,l
2026-02-06 00:12:07,0.2686740,4652.47846832,b,l
2026-02-06 00:12:07,0.2686740,1265.62499998,b,l
2026-02-06 00:12:12,0.2684590,899.85350384,s,m
2026-02-06 00:12:12,0.2686540,15.74900000,b,l
2026-02-06 00:12:14,0.2684400,1265.62500000,s,l
2026-02-06 00:12:14,0.2684380,4656.56874213,s,l
2026-02-06 00:12:14,0.2683900,1014.61238341,s,l
2026-02-06 00:12:14,0.2683890,1265.62500000,s,l
2026-02-06 00:12:14,0.2683840,8549.77097085,s,l
2026-02-06 00:12:18,0.2686530,17.17678526,b,l
2026-02-06 00:12:18,0.2686530,17.17678526,b,l
2026-02-06 00:12:22,0.2685110,1265.62500000,s,l
2026-02-06 00:12:22,0.2684860,1265.62500000,s,l
2026-02-06 00:12:22,0.2684850,26516.81065530,s,l
2026-02-06 00:12:22,0.2684850,15297.81934470,s,l
2026-02-06 00:12:22,0.2684850,12484.61631060,s,l
2026-02-06 00:12:24,0.2683910,189.88792480,s,l
2026-02-06 00:12:24,0.2683910,189.88792480,s,l
2026-02-06 00:12:25,0.2683880,171.84857200,s,l
2026-02-06 00:12:25,0.2683880,171.84857200,s,l
2026-02-06 00:12:25,0.2685930,1265.62500000,b,l
2026-02-06 00:12:25,0.2686190,4682.33056641,b,l
2026-02-06 00:12:26,0.2686200,1265.62500000,b,l
2026-02-06 00:12:26,0.2686460,1115.39000333,b,l
2026-02-06 00:12:26,0.2686470,1265.62500000,b,l
2026-02-06 00:12:26,0.2686710,2301.31556308,b,l
2026-02-06 00:12:26,0.2686700,185.87361145,b,l
2026-02-06 00:12:26,0.2686700,1486.98889160,b,l
2026-02-06 00:12:27,0.2684150,1265.62500000,s,l
2026-02-06 00:12:27,0.2684030,705.77165350,s,l
2026-02-06 00:12:27,0.2684030,559.85334650,s,l
2026-02-06 00:12:27,0.2683990,145.91830700,s,l
2026-02-06 00:12:27,0.2686440,185.94757080,b,l
2026-02-06 00:12:28,0.2686700,1265.62500000,b,l
2026-02-06 00:12:28,0.2686710,1709.20678711,b,l
2026-02-06 00:12:28,0.2684250,800.00000000,s,l
2026-02-06 00:12:28,0.2686450,1265.62500000,b,l
2026-02-06 00:12:28,0.2686710,221.91687012,b,l
2026-02-06 00:12:29,0.2686450,1265.62500000,b,l
2026-02-06 00:12:29,0.2686710,420.09119793,b,l
2026-02-06 00:12:29,0.2686710,1265.62500000,b,l
2026-02-06 00:12:29,0.2686970,2998.57432941,b,l
2026-02-06 00:12:29,0.2686720,21.25023363,b,l
2026-02-06 00:12:30,0.2686700,1600.00000000,b,l
2026-02-06 00:12:30,0.2686700,1265.62500000,b,l
2026-02-06 00:12:30,0.2686710,1265.62500000,b,l
2026-02-06 00:12:30,0.2686720,1819.35986300,b,l
2026-02-06 00:12:30,0.2686720,15.74900000,b,l
2026-02-06 00:12:30,0.2686720,2796.15400484,b,l
2026-02-06 00:12:30,0.2686720,1265.62500000,b,l
2026-02-06 00:12:30,0.2686970,1889.49492016,b,l
2026-02-06 00:12:30,0.2686760,2975.63696200,b,l
2026-02-06 00:12:31,0.2684070,800.00000000,s,l
2026-02-06 00:12:32,0.2686500,1265.62500000,b,l
2026-02-06 00:12:32,0.2686760,1676.80687369,b,l
2026-02-06 00:12:32,0.2686760,1265.62500000,b,l
2026-02-06 00:12:32,0.2686970,1746.30932631,b,l
2026-02-06 00:12:32,0.2686790,4652.39188771,b,l
2026-02-06 00:12:32,0.2686790,1265.62500000,b,l
2026-02-06 00:12:32,0.2686970,36.34931229,b,l
2026-02-06 00:12:32,0.2686820,4652.33994089,b,l
2026-02-06 00:12:32,0.2686820,1265.62500000,b,l
2026-02-06 00:12:32,0.2686970,36.03505911,b,l
2026-02-06 00:12:32,0.2686850,2977.00000000,b,l
2026-02-06 00:12:34,0.2686850,1675.28799523,b,l
2026-02-06 00:12:34,0.2686850,1265.62500000,b,l
2026-02-06 00:12:34,0.2686960,3013.46151577,b,l
2026-02-06 00:12:34,0.2686840,1265.62500000,b,l
2026-02-06 00:12:34,0.2686860,1600.00000000,b,l
2026-02-06 00:12:34,0.2686870,3088.75292969,b,l
2026-02-06 00:12:35,0.2684220,492.49734400,s,l
2026-02-06 00:12:35,0.2686600,1265.62500000,b,l
2026-02-06 00:12:35,0.2686860,4688.75290000,b,l
2026-02-06 00:12:36,0.2686600,1265.62500000,b,l
2026-02-06 00:12:36,0.2686860,4688.63960000,b,l
2026-02-06 00:12:36,0.2686860,744.36950684,b,l
2026-02-06 00:12:37,0.2686860,521.25549316,b,l
2026-02-06 00:12:37,0.2686870,1563.50043575,b,l
2026-02-06 00:12:37,0.2686940,3869.62395309,b,l
2026-02-06 00:12:38,0.2686880,744.29748535,b,l
2026-02-06 00:12:41,0.2684690,1265.62500000,s,l
2026-02-06 00:12:41,0.2684530,4656.30855308,s,l
2026-02-06 00:12:41,0.2684220,773.12765600,s,l
2026-02-06 00:12:41,0.2683990,9314.49073953,s,l
2026-02-06 00:12:41,0.2683950,320.33158680,s,l
2026-02-06 00:12:47,0.2686290,15.74900000,b,l
2026-02-06 00:12:53,0.2684330,800.00000000,s,l
2026-02-06 00:12:55,0.2684360,589.23103909,s,m
2026-02-06 00:13:02,0.2683130,26.40605700,s,l
2026-02-06 00:13:05,0.2684950,15.74900000,b,l
2026-02-06 00:13:09,0.2683880,315.59394300,s,l
2026-02-06 00:13:11,0.2684670,1265.62500000,b,l
2026-02-06 00:13:11,0.2684650,342.00000000,b,l
2026-02-06 00:13:11,0.2684650,1265.62500000,b,l
2026-02-06 00:13:13,0.2683860,1265.62500000,s,l
2026-02-06 00:13:13,0.2683820,342.00000000,s,l
2026-02-06 00:13:13,0.2683820,1115.39000333,s,l
2026-02-06 00:13:13,0.2683480,1275.48499667,s,l
2026-02-06 00:13:17,0.2682450,27.66182900,b,l
2026-02-06 00:13:20,0.2682440,130.92557523,s,l
2026-02-06 00:13:20,0.2681170,89.07442477,s,l
2026-02-06 00:13:21,0.2681140,1265.62500000,s,l
2026-02-06 00:13:21,0.2681000,105.30714645,s,l
2026-02-06 00:13:21,0.2680630,208.64359655,s,l
2026-02-06 00:13:24,0.2682230,15.74900000,b,l
2026-02-06 00:13:24,0.2680360,1265.62500000,s,l
2026-02-06 00:13:24,0.2680100,1265.62500000,s,l
2026-02-06 00:13:24,0.2680000,30.00000000,s,l
2026-02-06 00:13:24,0.2681690,1265.62500000,b,l
2026-02-06 00:13:24,0.2681950,342.00000000,b,l
2026-02-06 00:13:24,0.2681960,1265.62500000,b,l
2026-02-06 00:13:24,0.2682230,1249.87600000,b,l
2026-02-06 00:13:24,0.2682500,1009.86762698,b,l
2026-02-06 00:13:24,0.2680090,1265.62500000,s,l
2026-02-06 00:13:24,0.2679830,1265.62499998,s,l
2026-02-06 00:13:25,0.2683850,645.08455340,b,l
2026-02-06 00:13:31,0.2681540,342.00000000,s,l
2026-02-06 00:13:31,0.2681120,24.97247706,s,l
2026-02-06 00:13:36,0.2681150,1265.62500000,b,l
2026-02-06 00:13:36,0.2681190,1265.62500000,b,l
2026-02-06 00:13:36,0.2681400,11183.59739000,b,l
2026-02-06 00:13:36,0.2681400,342.00000000,b,l
2026-02-06 00:13:40,0.2683700,15.74900000,b,l
2026-02-06 00:13:42,0.2681090,800.00000000,s,l
2026-02-06 00:13:42,0.2683090,1265.62500000,b,l
2026-02-06 00:13:42,0.2683090,1265.62500000,b,l
2026-02-06 00:13:42,0.2683350,310.50200000,b,l
2026-02-06 00:13:42,0.2683360,1265.62500000,b,l
2026-02-06 00:13:43,0.2683620,1265.62500000,b,l
2026-02-06 00:13:43,0.2683630,1086.68874310,b,l
2026-02-06 00:13:49,0.2683240,326.25100000,s,l
2026-02-06 00:13:49,0.2682790,25072.65701050,s,l
2026-02-06 00:13:53,0.2682720,1086.68874310,s,l
2026-02-06 00:13:53,0.2682440,1265.62500000,s,l
2026-02-06 00:13:53,0.2682170,1265.62500000,s,l
2026-02-06 00:13:53,0.2681910,326.25100000,s,l
2026-02-06 00:13:53,0.2681630,1265.62500000,s,l
2026-02-06 00:13:53,0.2681360,1265.62500000,s,l
2026-02-06 00:13:53,0.2680820,857.28252990,s,l
2026-02-06 00:13:56,0.2683450,1265.62500000,b,l
2026-02-06 00:13:56,0.2683450,1265.62500000,b,l
2026-02-06 00:13:56,0.2683710,668.25100000,b,l
2026-02-06 00:13:57,0.2685640,15.74900000,b,l
2026-02-06 00:14:00,0.2681370,1265.62500000,s,l
2026-02-06 00:14:00,0.2681110,342.00000000,s,l
2026-02-06 00:14:00,0.2681100,1265.62500000,s,l
2026-02-06 00:14:00,0.2680840,4459.47227300,s,l
2026-02-06 00:14:04,0.2680040,1265.62500000,s,l
2026-02-06 00:14:04,0.2680040,334.37500000,s,l
2026-02-06 00:14:06,0.2679750,608.63075950,s,l
2026-02-06 00:14:10,0.2679150,353.07388800,b,l
2026-02-06 00:14:10,0.2679140,342.00000000,b,l
2026-02-06 00:14:10,0.2679260,1600.00000000,b,l
2026-02-06 00:14:11,0.2681600,74.66085300,b,l
2026-02-06 00:14:11,0.2679280,1265.62500000,s,l
2026-02-06 00:14:11,0.2679020,342.00000000,s,l
2026-02-06 00:14:11,0.2679010,1265.62500000,s,l
2026-02-06 00:14:11,0.2678740,1265.62500000,s,l
2026-02-06 00:14:11,0.2678470,1265.62500000,s,l
2026-02-06 00:14:11,0.2678200,1265.62500000,s,l
2026-02-06 00:14:11,0.2677930,1265.62500000,s,l
2026-02-06 00:14:11,0.2677720,125.00001216,s,l
2026-02-06 00:14:11,0.2676850,1265.62500000,s,l
2026-02-06 00:14:11,0.2676580,383.07279784,s,l
2026-02-06 00:14:11,0.2681600,1190.96414700,b,l
2026-02-06 00:14:11,0.2681330,1265.62500000,b,l
2026-02-06 00:14:11,0.2681590,1115.39000330,b,l
2026-02-06 00:14:12,0.2674160,1265.62500000,s,l
2026-02-06 00:14:12,0.2673910,11183.59739000,s,l
2026-02-06 00:14:12,0.2673900,304.80000000,s,l
2026-02-06 00:14:12,0.2673610,1265.62500000,s,l
2026-02-06 00:14:12,0.2673340,1265.62500000,s,l
2026-02-06 00:14:12,0.2673070,1265.62500000,s,l
2026-02-06 00:14:12,0.2672800,1265.62500000,s,l
2026-02-06 00:14:12,0.2672590,170.44039473,s,l
2026-02-06 00:14:12,0.2672260,1265.62500000,s,l
2026-02-06 00:14:12,0.2672130,15.00000000,s,l
2026-02-06 00:14:12,0.2671990,1265.62500000,s,l
2026-02-06 00:14:12,0.2671880,1826.81713821,s,l
2026-02-06 00:14:14,0.2681330,1265.62500000,b,l
2026-02-06 00:14:14,0.2681590,342.00000000,b,l
2026-02-06 00:14:14,0.2681590,2220.77544990,b,l
2026-02-06 00:14:14,0.2681590,6049.80478850,b,l
2026-02-06 00:14:14,0.2681590,2913.01715160,b,l
2026-02-06 00:14:14,0.2681600,1265.62500000,b,l
2026-02-06 00:14:15,0.2684840,15.74900000,b,l
2026-02-06 00:14:16,0.2684840,36.68838000,b,l
2026-02-06 00:14:20,0.2679080,800.00000000,s,l
2026-02-06 00:14:22,0.2680970,1265.62500000,s,l
2026-02-06 00:14:22,0.2680710,342.00000000,s,l
2026-02-06 00:14:22,0.2680700,1265.62500000,s,l
2026-02-06 00:14:22,0.2680440,13898.20644563,s,l
2026-02-06 00:14:23,0.2683650,1265.62500000,b,l
2026-02-06 00:14:23,0.2683650,1265.62500000,b,l
2026-02-06 00:14:24,0.2683890,342.00000000,b,l
2026-02-06 00:14:24,0.2683890,1265.62500000,b,l
2026-02-06 00:14:24,0.2683900,1265.62500000,b,l
2026-02-06 00:14:24,0.2683640,2348.00528701,b,l
2026-02-06 00:14:24,0.2683640,1265.62499999,b,l
2026-02-06 00:14:24,0.2684170,6208.87448640,b,l
2026-02-06 00:14:24,0.2684170,4330.20751130,b,l
2026-02-06 00:14:24,0.2684180,2204.51607502,b,l
2026-02-06 00:14:26,0.2684720,1265.62500000,b,l
2026-02-06 00:14:28,0.2682250,1265.62500000,s,l
2026-02-06 00:14:28,0.2682170,342.00000000,s,l
2026-02-06 00:14:28,0.2682160,1043.25792516,s,l
2026-02-06 00:14:32,0.2680320,15.74900000,b,l
2026-02-06 00:14:32,0.2679830,1265.62500000,b,l
2026-02-06 00:14:32,0.2680040,342.00000000,b,l
2026-02-06 00:14:33,0.2682480,1265.62500000,b,l
2026-02-06 00:14:33,0.2682740,304.80000000,b,l
2026-02-06 00:14:33,0.2682740,1265.62500000,b,l
2026-02-06 00:14:36,0.2680480,342.00000000,s,l
2026-02-06 00:14:36,0.2680470,1265.62500000,s,l
2026-02-06 00:14:37,0.2683730,154.94784870,b,m
2026-02-06 00:14:37,0.2678150,8.00254900,s,l
2026-02-06 00:14:40,0.2679200,1265.62500000,s,l
2026-02-06 00:14:41,0.2678970,1115.39000330,s,l
2026-02-06 00:14:41,0.2678970,818.98499670,s,l
2026-02-06 00:14:42,0.2682750,115.61479825,b,m
2026-02-06 00:14:45,0.2680050,1265.62500000,b,l
2026-02-06 00:14:45,0.2680310,342.00000000,b,l
2026-02-06 00:14:45,0.2680310,1265.62500000,b,l
2026-02-06 00:14:45,0.2680320,1265.62500000,b,l
2026-02-06 00:14:48,0.2684340,2213.95431488,b,l
2026-02-06 00:14:48,0.2684340,1265.62500000,b,l
2026-02-06 00:14:48,0.2684750,2469.41068512,b,l
2026-02-06 00:14:48,0.2684750,2186.51630994,b,l
2026-02-06 00:14:48,0.2684750,1265.62500000,b,l
2026-02-06 00:14:48,0.2685100,2497.12869006,b,l
2026-02-06 00:14:48,0.2684900,15.74900000,b,l
2026-02-06 00:14:48,0.2684900,4639.91787772,b,l
2026-02-06 00:14:48,0.2684900,1265.62500000,b,l
2026-02-06 00:14:48,0.2685100,42.45712228,b,l
2026-02-06 00:14:49,0.2685370,5948.79589844,b,l
2026-02-06 00:14:49,0.2684910,656.08002028,b,l
2026-02-06 00:14:49,0.2684910,831.43997972,b,l
2026-02-06 00:14:50,0.2684910,434.18502020,b,l
2026-02-06 00:14:50,0.2685360,4654.54003830,b,l
2026-02-06 00:14:50,0.2685360,4655.19869319,b,l
2026-02-06 00:14:50,0.2685380,1265.62500000,b,l
2026-02-06 00:14:50,0.2679570,1265.62500000,s,l
2026-02-06 00:14:51,0.2685540,19743.25960270,b,l
2026-02-06 00:14:51,0.2685540,14414.27223950,b,l
2026-02-06 00:14:51,0.2685540,7657.09815780,b,l
2026-02-06 00:14:51,0.2685650,1265.62500000,b,l
2026-02-06 00:14:52,0.2682270,1134.37500000,s,l
2026-02-06 00:14:52,0.2682270,131.25000000,s,l
2026-02-06 00:14:52,0.2682010,26562.75000000,s,l
2026-02-06 00:14:52,0.2684970,2202.26410675,b,l
2026-02-06 00:14:52,0.2685320,3745.18589325,b,l
2026-02-06 00:14:53,0.2681970,1265.62500000,b,l
2026-02-06 00:14:53,0.2682230,4690.77197266,b,l
2026-02-06 00:14:54,0.2681970,1265.62500000,b,l
2026-02-06 00:14:54,0.2682230,4690.37500000,b,l
2026-02-06 00:14:55,0.2682230,5956.00000000,b,l
2026-02-06 00:14:55,0.2680660,1265.62500000,s,l
2026-02-06 00:14:55,0.2680400,342.00000000,s,l
2026-02-06 00:14:55,0.2679570,1265.62500000,s,l
2026-02-06 00:14:55,0.2679300,1265.62500000,s,l
2026-02-06 00:14:55,0.2679030,1265.62500000,s,l
2026-02-06 00:14:55,0.2678760,1265.62500000,s,l
2026-02-06 00:14:55,0.2678490,1265.62500000,s,l
2026-02-06 00:14:55,0.2678220,1265.62500000,s,l
2026-02-06 00:14:55,0.2677680,1265.62500000,s,l
2026-02-06 00:14:55,0.2677410,1265.62500000,s,l
2026-02-06 00:14:55,0.2677300,7024.07810000,b,l
2026-02-06 00:14:55,0.2677300,6350.29690000,b,l
2026-02-06 00:14:55,0.2684960,1115.39000333,b,l
2026-02-06 00:14:55,0.2684970,374.86744267,b,l
2026-02-06 00:14:55,0.2684970,2978.78979492,b,l
2026-02-06 00:14:56,0.2684970,744.04000000,b,l
2026-02-06 00:14:56,0.2684970,557.84826198,b,l
2026-02-06 00:14:56,0.2685180,931.28173802,b,l
2026-02-06 00:14:56,0.2684650,1265.62500000,b,l
2026-02-06 00:14:56,0.2684910,4655.64953760,b,l
2026-02-06 00:14:56,0.2685180,34.73546240,b,l
2026-02-06 00:14:56,0.2684070,1489.50000000,b,l
2026-02-06 00:14:57,0.2684060,342.00000000,b,l
2026-02-06 00:14:57,0.2684060,1147.75790000,b,l
2026-02-06 00:14:59,0.2684060,117.86710000,b,l
2026-02-06 00:14:59,0.2684890,627.13290000,b,l
2026-02-06 00:14:59,0.2684890,372.50000000,b,l
2026-02-06 00:14:59,0.2682420,4659.97122000,s,l
2026-02-06 00:15:00,0.2681880,9321.81902240,s,l
2026-02-06 00:15:00,0.2684890,745.10095200,b,l
2026-02-06 00:15:00,0.2684890,744.87896729,b,l
2026-02-06 00:15:01,0.2684880,372.55047600,b,l
2026-02-06 00:15:01,0.2684880,186.21970000,b,l
2026-02-06 00:15:02,0.2684880,706.85482400,b,l
2026-02-06 00:15:02,0.2684880,5257.10025413,b,l
2026-02-06 00:15:02,0.2684880,2981.73681641,b,l
2026-02-06 00:15:02,0.2684880,1265.62500000,b,l
2026-02-06 00:15:02,0.2684890,4698.34500000,b,l
2026-02-06 00:15:03,0.2684890,1265.62500000,b,l
2026-02-06 00:15:03,0.2685160,1265.62500000,b,l
2026-02-06 00:15:03,0.2685320,449.08471680,b,l
2026-02-06 00:15:04,0.2685310,1490.16735840,b,l
2026-02-06 00:15:04,0.2685310,372.74838257,b,l
2026-02-06 00:15:04,0.2685310,5953.00000000,b,l
2026-02-06 00:15:05,0.2685320,1265.62500000,b,l
2026-02-06 00:15:05,0.2685630,4687.37500000,b,l
2026-02-06 00:15:05,0.2685320,15.74900000,b,l
2026-02-06 00:15:05,0.2685860,148.00000000,s,l
2026-02-06 00:15:05,0.2685920,1265.62500000,b,l
2026-02-06 00:15:05,0.2686020,1861.86450000,b,l
2026-02-06 00:15:05,0.2686190,1265.62500000,b,l
2026-02-06 00:15:05,0.2686460,1265.62500000,b,l
2026-02-06 00:15:05,0.2686610,294.26050000,s,l
2026-02-06 00:15:07,0.2684300,513.00000000,s,l
2026-02-06 00:15:07,0.2684420,153.00000000,s,l
2026-02-06 00:15:09,0.2686180,1265.62500000,b,l
2026-02-06 00:15:09,0.2686430,224.13293457,b,l
2026-02-06 00:15:10,0.2685910,186.31970215,b,l
2026-02-06 00:15:10,0.2683830,1265.62500000,s,l
2026-02-06 00:15:10,0.2683680,189.00000000,s,l
2026-02-06 00:15:11,0.2683430,456.25000000,s,l
2026-02-06 00:15:11,0.2685640,186.31970215,b,l
2026-02-06 00:15:14,0.2683770,1265.62500000,s,l
2026-02-06 00:15:14,0.2683510,1058.76015954,s,l
2026-02-06 00:15:14,0.2683500,1265.62499996,s,l
2026-02-06 00:15:14,0.2683250,27054.88096280,s,l
2026-02-06 00:15:14,0.2682420,202.00000000,s,l
2026-02-06 00:15:15,0.2682420,4370.57461740,s,l
2026-02-06 00:15:15,0.2682420,23717.58360320,s,l
2026-02-06 00:15:15,0.2685100,371.97952271,b,l
2026-02-06 00:15:17,0.2683740,342.00000000,b,l
2026-02-06 00:15:17,0.2683740,30.69500732,b,l
2026-02-06 00:15:18,0.2684560,1265.62500000,b,l
2026-02-06 00:15:18,0.2684830,1265.62500000,b,l
2026-02-06 00:15:18,0.2684830,3433.37451172,b,l
2026-02-06 00:15:19,0.2680230,4777.56827240,s,l
2026-02-06 00:15:19,0.2684830,149.14000000,b,l
2026-02-06 00:15:19,0.2684290,1490.66610000,s,l
2026-02-06 00:15:19,0.2684290,0.00003770,s,l
2026-02-06 00:15:19,0.2684830,1073.27375047,b,l
2026-02-06 00:15:19,0.2684830,1265.62500000,b,l
2026-02-06 00:15:19,0.2685100,893.64547729,b,l
2026-02-06 00:15:19,0.2685290,2731.55245193,b,l
2026-02-06 00:15:20,0.2684280,186.47000000,s,l
2026-02-06 00:15:21,0.2684850,2982.29223633,b,l
2026-02-06 00:15:22,0.2684850,745.57305908,b,l
2026-02-06 00:15:23,0.2684850,372.87625122,b,l
2026-02-06 00:15:24,0.2684850,186.43812561,b,l
2026-02-06 00:15:24,0.2684850,706.31062317,b,l
2026-02-06 00:15:24,0.2685160,5259.10539246,b,l
2026-02-06 00:15:25,0.2685160,372.83322144,b,l
2026-02-06 00:15:25,0.2685160,15.74900000,b,l
2026-02-06 00:15:25,0.2685160,745.32000000,b,l
2026-02-06 00:15:26,0.2685170,372.83322144,b,l
2026-02-06 00:15:26,0.2685170,4282.36551830,b,l
2026-02-06 00:15:26,0.2685170,1265.62500000,b,l
2026-02-06 00:15:26,0.2685240,4655.07738600,b,l
2026-02-06 00:15:26,0.2685240,1265.62500000,b,l
2026-02-06 00:15:26,0.2685460,1265.62500000,b,l
2026-02-06 00:15:26,0.2685700,1490.58850000,s,l
2026-02-06 00:15:26,0.2685700,0.00000098,s,l
2026-02-06 00:15:26,0.2685760,1488.00000000,b,l
2026-02-06 00:15:26,0.2685760,10588.41959240,b,l
2026-02-06 00:15:26,0.2685760,11153.88552970,b,l
2026-02-06 00:15:26,0.2685760,5059.85309850,b,l
2026-02-06 00:15:26,0.2685770,4654.15877011,b,l
2026-02-06 00:15:26,0.2685770,1265.62500000,b,l
2026-02-06 00:15:26,0.2683130,670.00000000,s,l
2026-02-06 00:15:26,0.2685760,372.00000000,b,l
2026-02-06 00:15:26,0.2685760,186.21974182,b,l
2026-02-06 00:15:26,0.2685760,186.00000000,b,l
2026-02-06 00:15:28,0.2682590,66.00000000,s,l
2026-02-06 00:15:28,0.2685100,186.32000000,b,l
2026-02-06 00:15:28,0.2685100,1079.30500000,b,l
2026-02-06 00:15:28,0.2685330,1902.57500000,b,l
2026-02-06 00:15:28,0.2685330,372.76657104,b,l
2026-02-06 00:15:30,0.2683040,1265.62500000,s,l
2026-02-06 00:15:30,0.2682560,1265.62500000,s,l
2026-02-06 00:15:30,0.2682410,6813.49844880,s,l
2026-02-06 00:15:30,0.2682410,137.26812110,s,l
2026-02-06 00:15:30,0.2682410,137.26812110,s,l
2026-02-06 00:15:31,0.2684790,1265.62500000,b,l
2026-02-06 00:15:31,0.2685050,1058.76015954,b,l
2026-02-06 00:15:31,0.2685060,658.22484046,b,l
2026-02-06 00:15:31,0.2682810,335.00000000,s,l
2026-02-06 00:15:31,0.2682550,335.00000000,s,l
2026-02-06 00:15:31,0.2682580,66.00000000,s,l
2026-02-06 00:15:31,0.2682580,1199.62500000,s,l
2026-02-06 00:15:31,0.2682550,214.37500000,s,l
2026-02-06 00:15:31,0.2682550,205.00000000,s,l
2026-02-06 00:15:33,0.2682610,231.21197161,s,l
2026-02-06 00:15:33,0.2682610,110.78802830,s,l
2026-02-06 00:15:33,0.2681520,274.00000000,s,l
2026-02-06 00:15:33,0.2681330,180.00000000,s,l
2026-02-06 00:15:33,0.2683000,745.46000000,b,l
2026-02-06 00:15:34,0.2682190,372.93145752,b,l
2026-02-06 00:15:34,0.2682180,186.52877808,b,l
2026-02-06 00:15:35,0.2684070,186.05551147,b,l
2026-02-06 00:15:35,0.2681630,118.96521830,s,l
2026-02-06 00:15:35,0.2681630,118.96521830,s,l
2026-02-06 00:15:35,0.2681630,4423.41359669,s,l
2026-02-06 00:15:35,0.2681340,12350.57993775,s,l
2026-02-06 00:15:39,0.2681670,1265.62500000,s,l
2026-02-06 00:15:40,0.2682350,1265.62500000,b,l
2026-02-06 00:15:40,0.2682390,155.47122183,b,l
2026-02-06 00:15:40,0.2682670,1265.62500000,b,l
2026-02-06 00:15:40,0.2682940,1265.62500000,b,l
2026-02-06 00:15:40,0.2683210,1265.62500000,b,l
2026-02-06 00:15:40,0.2683480,735.92428598,b,l
2026-02-06 00:15:40,0.2683480,529.70071402,b,l
2026-02-06 00:15:40,0.2684020,5422.60397348,b,l
2026-02-06 00:15:41,0.2681750,506.59000000,s,l
2026-02-06 00:15:41,0.2683760,15.74900000,b,l
2026-02-06 00:15:41,0.2683760,1249.87600000,b,l
2026-02-06 00:15:41,0.2684010,4702.17429297,b,l
2026-02-06 00:15:41,0.2681870,1265.62500000,s,m
2026-02-06 00:15:41,0.2681610,1115.39000333,s,m
2026-02-06 00:15:41,0.2681600,1265.62500000,s,m
2026-02-06 00:15:41,0.2681390,11270.94036513,s,m
2026-02-06 00:15:41,0.2683750,1265.62500000,b,l
2026-02-06 00:15:41,0.2684010,4686.42529297,b,l
2026-02-06 00:15:41,0.2681650,1265.62500000,s,l
2026-02-06 00:15:42,0.2681400,1265.62500000,s,l
2026-02-06 00:15:42,0.2681390,15509.10896696,s,l
2026-02-06 00:15:44,0.2683750,1265.62500000,b,l
2026-02-06 00:15:44,0.2684000,4682.59814453,b,l
2026-02-06 00:15:44,0.2682330,1265.62500000,b,l
2026-02-06 00:15:44,0.2683740,1265.62500000,b,l
2026-02-06 00:15:44,0.2684000,3417.36376953,b,l
2026-02-06 00:15:44,0.2684000,5948.22314453,b,l
2026-02-06 00:15:46,0.2683860,1265.62500000,b,l
2026-02-06 00:15:46,0.2684060,4588.00819700,b,l
2026-02-06 00:15:46,0.2684060,5564.82676560,b,l
2026-02-06 00:15:46,0.2684060,1030.76242740,b,l
2026-02-06 00:15:46,0.2684060,1265.62500000,b,l
2026-02-06 00:15:46,0.2684070,4657.10655832,b,l
2026-02-06 00:15:46,0.2684020,4657.19331450,b,l
2026-02-06 00:15:46,0.2684020,1265.62500000,b,l
2026-02-06 00:15:46,0.2682740,2712.56319870,b,l
2026-02-06 00:15:47,0.2684040,186.01000000,b,l
2026-02-06 00:15:47,0.2681610,1265.62500000,s,l
2026-02-06 00:15:49,0.2680800,569.00000000,s,l
2026-02-06 00:15:51,0.2683380,1265.62500000,b,l
2026-02-06 00:15:51,0.2683630,5589.12635200,b,l
2026-02-06 00:15:51,0.2683630,3918.71546830,b,l
2026-02-06 00:15:51,0.2683630,1675.75556970,b,l
2026-02-06 00:15:52,0.2683640,2546.79544767,b,l
2026-02-06 00:15:52,0.2683780,429.62862460,b,l
2026-02-06 00:15:52,0.2681950,1265.62500000,s,l
2026-02-06 00:15:52,0.2681780,342.00000000,s,l
2026-02-06 00:15:52,0.2681770,1265.62500000,s,l
2026-02-06 00:15:52,0.2681660,1115.39000333,s,l
2026-02-06 00:15:52,0.2681120,12787.71463601,s,l
2026-02-06 00:15:52,0.2683780,372.03640747,b,l
2026-02-06 00:15:53,0.2681110,1265.62500000,s,l
2026-02-06 00:15:53,0.2681020,4662.40460720,s,l
2026-02-06 00:15:54,0.2683780,163.03074395,b,m
2026-02-06 00:15:55,0.2681090,282.42000000,s,l
2026-02-06 00:15:55,0.2683240,1265.62500000,b,l
2026-02-06 00:15:55,0.2683780,730.55784850,b,l
2026-02-06 00:15:58,0.2681610,1265.62500000,s,l
2026-02-06 00:15:58,0.2681350,4661.83079418,s,l
2026-02-06 00:15:58,0.2681340,1265.62500000,s,l
2026-02-06 00:15:58,0.2684050,15.74900000,b,l
2026-02-06 00:15:59,0.2681640,192.78099202,s,l
2026-02-06 00:16:01,0.2684040,342.00000000,b,l
2026-02-06 00:16:01,0.2684050,1249.87600000,b,l
2026-02-06 00:16:02,0.2684200,5961.77685547,b,l
2026-02-06 00:16:02,0.2684200,373.18000000,b,l
2026-02-06 00:16:03,0.2681910,1265.62500000,s,l
2026-02-06 00:16:03,0.2681650,927.84637679,s,l
2026-02-06 00:16:03,0.2681640,1072.84400798,s,l
2026-02-06 00:16:03,0.2681380,4661.77863637,s,l
2026-02-06 00:16:03,0.2681380,1265.62500000,s,l
2026-02-06 00:16:03,0.2680860,7579.90995606,s,l
2026-02-06 00:16:03,0.2684590,1265.62500000,b,l
2026-02-06 00:16:03,0.2684740,702.00000000,s,l
2026-02-06 00:16:03,0.2684740,702.00000000,s,l
2026-02-06 00:16:03,0.2684740,1230.00000000,s,l
2026-02-06 00:16:03,0.2684740,1230.00000000,s,l
2026-02-06 00:16:03,0.2684830,20.76882880,b,l
2026-02-06 00:16:04,0.2684820,2979.71558615,b,m
2026-02-06 00:16:04,0.2684820,373.09000000,b,l
2026-02-06 00:16:04,0.2684740,123.00000000,s,l
2026-02-06 00:16:04,0.2684820,5962.26000000,b,l
2026-02-06 00:16:04,0.2684810,746.18872070,b,l
2026-02-06 00:16:04,0.2684740,70.00000000,s,l
2026-02-06 00:16:04,0.2684810,745.15649414,b,l
2026-02-06 00:16:05,0.2684740,67.00000000,s,l
2026-02-06 00:16:08,0.2683660,1265.62500000,s,l
2026-02-06 00:16:08,0.2683620,342.00000000,s,l
2026-02-06 00:16:08,0.2683610,1265.62500000,s,l
2026-02-06 00:16:08,0.2683540,1265.62500000,s,l
2026-02-06 00:16:08,0.2682880,1265.62500000,s,l
2026-02-06 00:16:08,0.2682610,1265.62500000,s,l
2026-02-06 00:16:13,0.2682350,745.62875000,s,l
2026-02-06 00:16:13,0.2682360,6173.80510280,s,l
2026-02-06 00:16:13,0.2682360,16767.87527581,s,l
2026-02-06 00:16:15,0.2685030,15.74900000,b,l
2026-02-06 00:16:20,0.2684080,111.21365600,b,l
2026-02-06 00:16:22,0.2683100,1708.00000000,s,l
2026-02-06 00:16:22,0.2684080,199.28834400,b,m
2026-02-06 00:16:22,0.2684590,418.63093880,b,m
2026-02-06 00:16:22,0.2683100,197.00000000,s,l
2026-02-06 00:16:22,0.2683100,262.00000000,s,l
2026-02-06 00:16:23,0.2683100,2491.79020535,s,l
2026-02-06 00:16:24,0.2683270,307.00000000,s,l
2026-02-06 00:16:26,0.2683270,121.00000000,s,l
2026-02-06 00:16:26,0.2682770,153.00000000,s,l
2026-02-06 00:16:26,0.2684760,15.74900000,b,m
2026-02-06 00:16:26,0.2684820,48.54536431,b,m
2026-02-06 00:16:26,0.2684820,109.46027667,b,m
2026-02-06 00:16:27,0.2682460,129.00000000,s,l
2026-02-06 00:16:27,0.2682460,118.00000000,s,l
2026-02-06 00:16:27,0.2682460,287.00000000,s,l
2026-02-06 00:16:27,0.2682470,105.00000000,s,l
2026-02-06 00:16:27,0.2682480,149.00000000,s,l
2026-02-06 00:16:27,0.2682480,88.00000000,s,l
2026-02-06 00:16:27,0.2682480,105.00000000,s,l
2026-02-06 00:16:27,0.2682470,26.00000000,s,l
2026-02-06 00:16:27,0.2682470,27959.38976650,s,l
2026-02-06 00:16:27,0.2682460,72.00000000,s,l
2026-02-06 00:16:28,0.2682770,608.00000000,s,l
2026-02-06 00:16:28,0.2684800,342.00000000,b,l
2026-02-06 00:16:28,0.2684810,62.11100000,b,l
2026-02-06 00:16:32,0.2684810,279.99188397,b,m
2026-02-06 00:16:32,0.2684090,15.74900000,b,l
2026-02-06 00:16:32,0.2681960,1265.62500000,s,l
2026-02-06 00:16:32,0.2681340,57.37500000,s,l
2026-02-06 00:16:32,0.2684090,149.96086569,b,m
2026-02-06 00:16:32,0.2684810,422.41536273,b,m
2026-02-06 00:16:32,0.2682670,189.00000000,s,l
2026-02-06 00:16:32,0.2681610,241.00000000,s,l
2026-02-06 00:16:33,0.2684800,80.20000000,b,m
2026-02-06 00:16:33,0.2684800,160.80000000,b,m
2026-02-06 00:16:33,0.2684820,21.04487824,b,m
2026-02-06 00:16:36,0.2682310,342.00000000,s,l
2026-02-06 00:16:36,0.2682230,527.93138440,s,l
2026-02-06 00:16:36,0.2682090,4660.54457530,s,l
2026-02-06 00:16:36,0.2681590,130.00000000,s,l
2026-02-06 00:16:36,0.2681590,79.00000000,s,l
2026-02-06 00:16:36,0.2682230,19.02348698,b,l
2026-02-06 00:16:38,0.2681890,1265.62500000,b,l
2026-02-06 00:16:38,0.2681900,342.00000000,b,l
2026-02-06 00:16:38,0.2681900,1265.62500000,b,l
2026-02-06 00:16:38,0.2681910,1265.62500000,b,l
2026-02-06 00:16:44,0.2683460,177.39408686,s,l
2026-02-06 00:16:44,0.2682940,11.60591314,s,l
2026-02-06 00:16:44,0.2683040,216.00000000,s,l
2026-02-06 00:16:44,0.2683040,406.00000000,s,l
2026-02-06 00:16:49,0.2684780,15.74900000,b,l
2026-02-06 00:16:50,0.2684780,709.71727292,b,m
2026-02-06 00:16:52,0.2683790,189.00000000,s,l
2026-02-06 00:16:52,0.2683790,189.00000000,s,l
2026-02-06 00:16:52,0.2683490,241.00000000,s,l
2026-02-06 00:16:52,0.2683370,430.00000000,s,l
2026-02-06 00:16:58,0.2685190,108.47590200,b,l
2026-02-06 00:16:59,0.2684490,83.73069228,s,l
2026-02-06 00:17:01,0.2685560,361.55536900,b,l
2026-02-06 00:17:04,0.2685450,189.00000000,b,l
2026-02-06 00:17:04,0.2686470,1265.62500000,b,l
2026-02-06 00:17:09,0.2688190,18.88230424,b,l
2026-02-06 00:17:09,0.2688190,15.74900000,b,l
2026-02-06 00:17:11,0.2687930,17.12503733,b,l
2026-02-06 00:17:12,0.2687930,19.14731235,b,l
2026-02-06 00:17:15,0.2687900,189.00000000,s,l
2026-02-06 00:17:17,0.2687440,1265.62500000,s,l
2026-02-06 00:17:17,0.2687450,342.00000000,s,l
2026-02-06 00:17:18,0.2686910,16488.40934850,s,l
2026-02-06 00:17:26,0.2685320,458.34682506,b,m
2026-02-06 00:17:26,0.2686940,15.74900000,b,l
2026-02-06 00:17:37,0.2687220,1278.69898300,b,l
2026-02-06 00:17:39,0.2686870,342.00000000,b,l
2026-02-06 00:17:39,0.2686870,1265.62500000,b,l
2026-02-06 00:17:39,0.2686880,11183.59739000,b,l
2026-02-06 00:17:39,0.2686900,4652.20142171,b,l
2026-02-06 00:17:39,0.2687180,1265.62500000,b,l
2026-02-06 00:17:39,0.2687210,1280.95118782,b,l
2026-02-06 00:17:41,0.2686880,326.13040128,b,l
2026-02-06 00:17:41,0.2685240,1265.62500000,s,l
2026-02-06 00:17:41,0.2685210,342.00000000,s,l
2026-02-06 00:17:41,0.2685210,1265.62500000,s,l
2026-02-06 00:17:41,0.2684940,1265.62500000,s,l
2026-02-06 00:17:41,0.2684740,3193.84727300,s,l
2026-02-06 00:17:43,0.2685540,252.44699586,b,l
2026-02-06 00:17:43,0.2685220,15.74900000,b,l
2026-02-06 00:17:44,0.2684200,7332.72227300,s,l
2026-02-06 00:17:47,0.2684200,933.42166569,s,l
2026-02-06 00:17:47,0.2682840,1265.62500000,s,l
2026-02-06 00:17:47,0.2681690,1401.45229831,s,l
2026-02-06 00:17:47,0.2684190,1265.62500000,b,l
2026-02-06 00:17:47,0.2684430,1265.62500000,b,l
2026-02-06 00:17:47,0.2684180,342.00000000,b,l
2026-02-06 00:17:47,0.2684450,11183.59739000,b,l
2026-02-06 00:17:47,0.2684450,1265.62500000,b,l
2026-02-06 00:17:47,0.2684500,4656.36058856,b,l
2026-02-06 00:17:47,0.2684760,1265.62500000,b,l
2026-02-06 00:17:47,0.2684980,9311.05632071,b,l
2026-02-06 00:17:47,0.2685110,1265.62500000,b,l
2026-02-06 00:17:47,0.2685110,5586.36331463,b,l
2026-02-06 00:17:47,0.2684850,1265.62500000,b,l
2026-02-06 00:17:47,0.2684950,4655.58017840,b,l
2026-02-06 00:17:47,0.2685180,9310.36280621,b,l
2026-02-06 00:17:47,0.2685180,1265.62499999,b,l
2026-02-06 00:17:47,0.2684980,697.00245990,b,l
2026-02-06 00:17:51,0.2683840,1265.62500000,s,l
2026-02-06 00:17:51,0.2683580,1015.53319961,s,l
2026-02-06 00:17:54,0.2682990,3651.05178030,s,l
2026-02-06 00:17:55,0.2683980,1265.62500000,b,l
2026-02-06 00:17:57,0.2683980,1265.62500000,b,l
2026-02-06 00:17:57,0.2682860,342.00000000,s,l
2026-02-06 00:17:57,0.2682860,342.00000000,s,l
2026-02-06 00:17:57,0.2682970,1265.62500000,s,l
2026-02-06 00:17:57,0.2682830,342.00000000,s,l
2026-02-06 00:17:57,0.2682870,1265.62500000,s,l
2026-02-06 00:17:57,0.2683710,1265.62500000,b,l
2026-02-06 00:17:57,0.2683970,342.00000000,b,l
2026-02-06 00:17:57,0.2683980,1265.62500000,b,l
2026-02-06 00:17:59,0.2684500,1555.21185286,b,l
2026-02-06 00:17:59,0.2684500,4032.42085341,b,l
2026-02-06 00:17:59,0.2684500,9312.72117712,b,l
2026-02-06 00:17:59,0.2684510,4656.34324327,b,l
2026-02-06 00:17:59,0.2684520,1265.62500000,b,l
2026-02-06 00:17:59,0.2684530,4656.30855308,b,l
2026-02-06 00:17:59,0.2685060,1265.62500000,b,l
2026-02-06 00:17:59,0.2685210,5553.98104889,b,l
2026-02-06 00:17:59,0.2685220,8383.70116715,b,l
2026-02-06 00:18:00,0.2684500,15.74900000,b,l
2026-02-06 00:18:00,0.2682880,342.00000000,s,l
2026-02-06 00:18:00,0.2682870,4192.44182940,s,l
2026-02-06 00:18:02,0.2684520,19873.54122138,b,l
2026-02-06 00:18:05,0.2682360,1265.62500000,s,l
2026-02-06 00:18:05,0.2682350,9044.87970800,b,l
2026-02-06 00:18:05,0.2682350,6836.07319030,b,l
2026-02-06 00:18:05,0.2682350,2029.54464411,b,l
2026-02-06 00:18:07,0.2682340,1265.62500000,s,l
2026-02-06 00:18:07,0.2682210,2962.17971684,s,l
2026-02-06 00:18:07,0.2682210,1182.72686830,s,l
2026-02-06 00:18:08,0.2681950,1265.62500000,s,l
2026-02-06 00:18:08,0.2681880,225.29066449,s,l
2026-02-06 00:18:08,0.2681880,61.77788352,s,l
2026-02-06 00:18:09,0.2681950,4660.78785957,s,l
2026-02-06 00:18:09,0.2681950,1265.62499993,s,l
2026-02-06 00:18:09,0.2681930,4660.82261650,s,l
2026-02-06 00:18:16,0.2681900,4660.87475290,s,l
2026-02-06 00:18:16,0.2682800,106.94850851,b,l
2026-02-06 00:18:16,0.2682000,106.94850851,b,l
2026-02-06 00:18:17,0.2681140,1265.62500000,s,l
2026-02-06 00:18:17,0.2681130,4662.21332050,s,l
2026-02-06 00:18:17,0.2682000,106.94850851,b,l
2026-02-06 00:18:17,0.2682000,106.94850851,b,l
2026-02-06 00:18:18,0.2681990,106.94850851,b,l
2026-02-06 00:18:18,0.2682250,106.94850851,b,l
2026-02-06 00:18:19,0.2682240,106.94850851,b,l
2026-02-06 00:18:20,0.2682240,15.74900000,b,l
2026-02-06 00:18:20,0.2682240,106.94850851,b,l
2026-02-06 00:18:20,0.2682240,106.94850851,b,l
2026-02-06 00:18:21,0.2682800,106.94850851,b,l
2026-02-06 00:18:22,0.2682790,106.94850851,b,l
2026-02-06 00:18:22,0.2682790,106.94850851,b,l
2026-02-06 00:18:23,0.2682780,106.94850851,b,l
2026-02-06 00:18:23,0.2682780,106.94850851,b,l
2026-02-06 00:18:24,0.2682720,106.94850851,b,l
2026-02-06 00:18:24,0.2682720,106.94850851,b,l
