timestamp,price,volume,side,type
2025-03-03 01:28:20,0.99990000,21.00000,b,m
2025-03-03 20:47:41,0.99880000,21.00000,s,m
2025-03-05 02:19:39,0.99990000,5.00000,b,l
2025-03-05 08:47:47,0.99990000,21.00000,b,m
2025-03-06 06:25:03,1.00000000,21.00000,b,m
2025-03-08 13:27:09,0.99870000,42.00000,s,m
2025-03-10 14:26:34,0.99990000,5.60496,b,l
2025-03-10 14:27:14,0.99900000,10010.01001,s,l
2025-03-10 16:42:52,0.99900000,159.20548,s,l
2025-03-10 16:46:38,0.99900000,1533.71353,s,l
2025-03-10 16:46:39,0.99900000,9.76656,s,l
2025-03-10 16:46:39,0.99900000,9.65095,s,l
2025-03-10 16:46:39,0.99900000,9.53534,s,l
2025-03-10 16:46:39,0.99900000,9.41963,s,l
2025-03-10 16:46:39,0.99900000,9.30391,s,l
2025-03-10 16:46:39,0.99900000,9.18809,s,l
2025-03-10 16:46:39,0.99900000,9.07237,s,l
2025-03-10 16:46:39,0.99900000,8.95633,s,l
2025-03-10 16:46:39,0.99900000,11.26310,s,l
2025-03-10 16:46:39,0.99900000,11.14824,s,l
2025-03-10 16:46:39,0.99900000,11.03328,s,l
2025-03-10 16:46:39,0.99900000,10.91832,s,l
2025-03-10 16:46:39,0.99900000,10.80304,s,l
2025-03-10 16:46:39,0.99900000,10.68775,s,l
2025-03-10 16:46:39,0.99900000,10.57247,s,l
2025-03-10 16:46:39,0.99900000,12.87513,s,l
2025-03-10 16:46:39,0.99900000,12.76125,s,l
2025-03-10 16:46:39,0.99900000,12.64715,s,l
2025-03-10 16:46:39,0.99900000,12.53306,s,l
2025-03-10 16:46:39,0.99900000,12.41875,s,l
2025-03-10 16:46:39,0.99900000,12.30443,s,l
2025-03-10 16:46:39,0.99900000,12.19012,s,l
2025-03-10 16:46:39,0.99900000,12.07570,s,l
2025-03-10 16:46:39,0.99900000,11.96128,s,l
2025-03-10 16:46:39,0.99900000,11.84675,s,l
2025-03-10 16:46:39,0.99900000,11.73200,s,l
2025-03-10 16:46:39,0.99900000,11.61704,s,l
2025-03-10 16:46:39,0.99900000,11.50208,s,l
2025-03-10 16:46:39,0.99900000,11.38702,s,l
2025-03-10 16:46:39,0.99900000,11.27195,s,l
2025-03-10 16:46:39,0.99900000,11.15688,s,l
2025-03-10 16:46:39,0.99900000,11.04159,s,l
2025-03-10 16:46:39,0.99900000,10.92620,s,l
2025-03-10 16:46:39,0.99900000,10.81081,s,l
2025-03-10 16:46:40,0.99900000,13.11682,s,l
2025-03-10 16:46:40,0.99900000,13.00272,s,l
2025-03-10 16:46:40,0.99900000,12.88863,s,l
2025-03-10 16:46:40,0.99900000,12.77442,s,l
2025-03-10 16:46:40,0.99900000,12.66000,s,l
2025-03-10 16:46:40,0.99900000,12.54547,s,l
2025-03-10 16:46:40,0.99900000,12.43094,s,l
2025-03-10 16:46:40,0.99900000,12.31652,s,l
2025-03-10 16:46:40,0.99900000,12.20199,s,l
2025-03-10 16:46:40,0.99900000,12.08736,s,l
2025-03-10 16:46:40,0.99900000,11.97240,s,l
2025-03-10 16:46:40,0.99900000,11.85744,s,l
2025-03-10 16:46:40,0.99900000,11.74237,s,l
2025-03-10 16:46:40,0.99900000,11.62730,s,l
2025-03-10 16:46:40,0.99900000,11.51212,s,l
2025-03-10 16:46:40,0.99900000,11.39695,s,l
2025-03-10 16:46:40,0.99900000,11.28145,s,l
2025-03-10 16:46:40,0.99900000,11.16605,s,l
2025-03-10 16:46:40,0.99900000,11.05055,s,l
2025-03-10 16:46:40,0.99900000,10.93505,s,l
2025-03-10 16:46:41,0.99900000,10.81945,s,l
2025-03-10 16:46:41,0.99900000,10.70384,s,l
2025-03-10 16:46:41,0.99900000,10.58780,s,l
2025-03-10 16:46:41,0.99900000,10.47176,s,l
2025-03-10 16:46:41,0.99900000,10.44607,s,l
2025-03-10 16:46:41,0.99900000,10.45060,s,l
2025-03-10 16:46:41,0.99900000,10.45513,s,l
2025-03-10 16:46:41,0.99900000,10.45967,s,l
2025-03-10 16:46:41,0.99900000,10.46431,s,l
2025-03-10 16:46:41,0.99900000,10.46895,s,l
2025-03-10 16:46:41,0.99900000,10.47348,s,l
2025-03-10 16:46:41,0.99900000,10.47802,s,l
2025-03-10 16:46:41,0.99900000,10.48255,s,l
2025-03-10 16:46:41,0.99900000,10.48709,s,l
2025-03-10 16:46:41,0.99900000,10.49173,s,l
2025-03-10 16:46:41,0.99900000,10.49637,s,l
2025-03-10 16:46:41,0.99900000,10.50101,s,l
2025-03-10 16:46:41,0.99900000,10.50554,s,l
2025-03-10 16:46:41,0.99900000,10.51008,s,l
2025-03-10 16:46:41,0.99900000,10.51472,s,l
2025-03-10 16:46:41,0.99900000,10.51936,s,l
2025-03-10 16:46:41,0.99900000,10.52400,s,l
2025-03-10 16:46:41,0.99900000,10.52864,s,l
2025-03-10 16:46:41,0.99900000,10.53318,s,l
2025-03-10 16:46:41,0.99900000,10.53771,s,l
2025-03-10 16:46:41,0.99900000,10.54235,s,l
2025-03-10 16:46:41,0.99900000,10.54699,s,l
2025-03-10 16:46:41,0.99900000,10.55164,s,l
2025-03-10 16:46:41,0.99900000,10.55628,s,l
2025-03-10 16:46:41,0.99900000,10.56092,s,l
2025-03-10 16:46:41,0.99900000,10.56556,s,l
2025-03-10 16:46:41,0.99900000,10.57020,s,l
2025-03-10 16:46:41,0.99900000,10.57484,s,l
2025-03-10 16:46:41,0.99900000,10.57949,s,l
2025-03-10 16:46:41,0.99900000,10.58413,s,l
2025-03-10 16:46:41,0.99900000,10.58877,s,l
2025-03-10 16:46:41,0.99900000,10.59341,s,l
2025-03-10 16:46:41,0.99900000,10.59805,s,l
2025-03-10 16:46:41,0.99900000,10.60269,s,l
2025-03-10 16:46:41,0.99900000,10.60734,s,l
2025-03-10 16:46:41,0.99900000,10.61198,s,l
2025-03-10 16:46:41,0.99900000,10.61662,s,l
2025-03-10 16:46:41,0.99900000,10.62126,s,l
2025-03-10 16:46:41,0.99900000,10.62590,s,l
2025-03-10 16:46:41,0.99900000,10.63054,s,l
2025-03-10 16:46:41,0.99900000,10.63519,s,l
2025-03-10 16:46:41,0.99900000,10.63983,s,l
2025-03-10 16:46:41,0.99900000,10.64458,s,l
2025-03-10 16:46:41,0.99900000,10.64933,s,l
2025-03-10 16:46:41,0.99900000,10.65397,s,l
2025-03-10 16:46:41,0.99900000,10.65861,s,l
2025-03-10 16:46:41,0.99900000,10.66325,s,l
2025-03-10 16:46:41,0.99900000,10.66800,s,l
2025-03-10 16:46:41,0.99900000,10.67275,s,l
2025-03-10 16:46:41,0.99900000,10.67750,s,l
2025-03-10 16:46:41,0.99900000,10.68214,s,l
2025-03-10 16:46:41,0.99900000,10.68678,s,l
2025-03-10 16:46:41,0.99900000,10.69142,s,l
2025-03-10 16:46:41,0.99900000,10.69617,s,l
2025-03-10 16:46:41,0.99900000,10.70092,s,l
2025-03-10 16:46:41,0.99900000,10.70567,s,l
2025-03-10 16:46:41,0.99900000,10.71031,s,l
2025-03-10 16:46:41,0.99900000,10.71496,s,l
2025-03-10 16:46:41,0.99900000,10.71960,s,l
2025-03-10 16:46:41,0.99900000,10.72435,s,l
2025-03-10 16:46:41,0.99900000,10.72910,s,l
2025-03-10 16:46:41,0.99900000,10.73385,s,l
2025-03-10 16:46:41,0.99900000,10.73849,s,l
2025-03-10 16:46:41,0.99900000,10.74313,s,l
2025-03-10 16:46:41,0.99900000,10.74788,s,l
2025-03-10 16:46:41,0.99900000,10.75263,s,l
2025-03-10 16:46:41,0.99900000,10.75738,s,l
2025-03-12 11:30:12,0.99990000,20.02002,b,l
2025-03-12 12:30:04,0.99990000,10000.00000,b,l
2025-03-12 14:11:31,0.99990000,6.60567,b,l
2025-03-12 19:49:10,0.99990000,6.38876,b,m
2025-03-12 21:25:05,0.99900000,0.42178,s,m
2025-03-12 21:25:05,0.99880000,5.96698,s,m
2025-03-13 05:43:51,0.99990000,252.10111,b,l
2025-03-13 06:17:33,0.99860000,10.16882,s,l
2025-03-13 06:17:33,0.99860000,3757.87269,s,l
2025-03-13 06:17:33,0.99860000,747.64990,s,l
2025-03-13 06:17:37,0.99870000,10.17192,s,l
2025-03-13 06:17:37,0.99870000,140.02332,s,l
2025-03-13 06:18:43,0.99860000,3880.83040,s,l
2025-03-13 06:19:54,0.99850000,709.91814,s,l
2025-03-13 06:19:54,0.99850000,8016.01611,s,l
2025-03-13 06:20:05,0.99840000,709.70082,s,l
2025-03-13 06:20:13,0.99840000,709.91805,s,l
2025-03-13 06:22:42,0.99840000,10000.00000,s,l
2025-03-13 06:24:05,0.99840000,10000.00000,s,l
2025-03-13 06:24:08,0.99840000,50.02668,s,l
2025-03-13 06:24:10,0.99840000,9949.97330,s,l
2025-03-13 06:24:11,0.99840000,25.01334,s,l
2025-03-13 06:24:11,0.99840000,1126.45709,s,l
2025-03-13 06:24:12,0.99840000,1124.67029,s,l
2025-03-13 06:24:12,0.99840000,1124.69611,s,l
2025-03-13 06:24:12,0.99840000,1124.70422,s,l
2025-03-13 06:24:12,0.99840000,1124.71237,s,l
2025-03-13 06:24:12,0.99840000,1124.72051,s,l
2025-03-13 06:24:12,0.99840000,1124.72864,s,l
2025-03-13 06:24:12,0.99840000,1124.73668,s,l
2025-03-13 06:24:12,0.99840000,973.32966,s,l
2025-03-13 06:24:16,0.99840000,9999.00000,s,l
2025-03-13 06:24:21,0.99840000,649.70790,s,l
2025-03-13 06:26:03,0.99740000,16.47052,s,l
2025-03-13 06:27:42,0.99740000,15.05552,s,l
2025-03-13 06:28:20,0.99740000,16.08929,s,l
2025-03-13 06:29:17,0.99740000,31.89062,s,l
2025-03-13 06:32:49,0.99740000,10000.00000,s,l
2025-03-13 06:33:02,0.99740000,10000.00000,s,l
2025-03-13 06:33:06,0.99740000,9920.49405,s,l
2025-03-13 06:33:06,0.99740000,16.00000,s,l
2025-03-13 06:33:06,0.99740000,15.00000,s,l
2025-03-13 06:33:06,0.99740000,16.00000,s,l
2025-03-13 06:33:06,0.99740000,32.00000,s,l
2025-03-13 06:33:06,0.99740000,0.50595,s,l
2025-03-13 06:33:35,0.99740000,9999.49405,s,l
2025-03-13 06:33:35,0.99740000,0.50595,s,l
2025-03-13 06:34:37,0.99740000,16.60888,s,l
2025-03-13 06:43:34,0.99740000,943.43540,s,l
2025-03-13 06:43:34,0.99740000,9039.44977,s,l
2025-03-13 06:43:34,0.99740000,17.11483,s,l
2025-03-13 06:46:43,0.99740000,18.47891,s,l
2025-03-13 07:18:59,0.99740000,9964.40626,s,l
2025-03-13 07:18:59,0.99740000,35.59374,s,l
2025-03-13 08:14:39,0.99740000,9964.40626,s,l
2025-03-13 08:14:39,0.99740000,17.00000,s,l
2025-03-13 08:14:39,0.99740000,18.59374,s,l
2025-03-13 08:17:59,0.99740000,9981.40626,s,l
2025-03-13 08:17:59,0.99740000,3.80254,s,l
2025-03-13 08:18:22,0.99740000,14.19746,s,l
2025-03-13 08:18:22,0.99740000,4.76668,s,l
2025-03-13 10:58:34,0.99680000,2062.70583,s,l
2025-03-13 11:00:14,0.99680000,10000.00000,s,l
2025-03-13 14:40:03,0.99690000,10000.00000,s,l
2025-03-13 14:43:56,0.99700000,150.19524,b,l
2025-03-13 14:44:01,0.99680000,31.51026,s,l
2025-03-13 18:46:44,1.00000000,5.00000,b,m
2025-03-13 19:03:40,1.00000000,14.09862,b,l
2025-03-13 19:11:31,1.00000000,5.63590,b,l
2025-03-13 19:18:48,1.00000000,6.11723,b,l
2025-03-13 19:29:41,1.00000000,5.80889,b,l
2025-03-13 19:35:09,1.00000000,7.19403,b,l
2025-03-13 19:39:10,1.00000000,6.86026,b,l
2025-03-13 19:41:06,1.00000000,5.35725,b,l
2025-03-13 19:42:58,1.00000000,5.10869,b,l
2025-03-14 19:55:15,0.99520000,5.00000,s,m
2025-03-14 20:21:43,0.99990000,100.01000,b,l
2025-03-14 20:54:07,0.99780000,22.88955,s,l
2025-03-14 20:54:07,0.99780000,22.92222,s,l
2025-03-14 20:54:07,0.99780000,22.92689,s,l
2025-03-14 20:54:07,0.99780000,22.93156,s,l
2025-03-14 20:54:07,0.99780000,22.93634,s,l
2025-03-14 20:54:07,0.99780000,22.94112,s,l
2025-03-14 20:54:07,0.99780000,22.94590,s,l
2025-03-14 20:54:07,0.99780000,22.95057,s,l
2025-03-14 20:54:07,0.99780000,22.95524,s,l
2025-03-14 20:54:07,0.99780000,22.95991,s,l
2025-03-14 20:54:07,0.99780000,22.96469,s,l
2025-03-14 20:54:07,0.99780000,22.96947,s,l
2025-03-14 20:54:07,0.99780000,22.97425,s,l
2025-03-14 20:54:07,0.99780000,22.97892,s,l
2025-03-14 20:54:07,0.99780000,22.98321,s,l
2025-03-14 20:54:07,0.99780000,22.98826,s,l
2025-03-14 20:54:07,0.99780000,22.99304,s,l
2025-03-14 20:54:07,0.99780000,22.99782,s,l
2025-03-14 20:54:07,0.99780000,23.00260,s,l
2025-03-14 20:54:07,0.99780000,23.00738,s,l
2025-03-14 20:54:07,0.99780000,23.01205,s,l
2025-03-14 20:54:07,0.99780000,23.01683,s,l
2025-03-14 20:54:07,0.99780000,23.02161,s,l
2025-03-14 20:54:07,0.99780000,23.02639,s,l
2025-03-14 20:54:07,0.99780000,23.03116,s,l
2025-03-14 20:54:07,0.99780000,23.03594,s,l
2025-03-14 20:54:07,0.99780000,23.04061,s,l
2025-03-14 20:54:08,0.99780000,23.04539,s,l
2025-03-14 20:54:08,0.99780000,23.05017,s,l
2025-03-14 20:54:08,0.99780000,23.05495,s,l
2025-03-14 20:54:08,0.99780000,23.05973,s,l
2025-03-14 20:54:08,0.99780000,23.06451,s,l
2025-03-14 20:54:08,0.99780000,23.06918,s,l
2025-03-14 20:54:08,0.99780000,23.07396,s,l
2025-03-14 20:54:08,0.99780000,23.07836,s,l
2025-03-14 20:54:08,0.99780000,23.08352,s,l
2025-03-14 20:54:08,0.99780000,23.08830,s,l
2025-03-14 20:54:08,0.99780000,23.09308,s,l
2025-03-14 20:54:08,0.99780000,23.09775,s,l
2025-03-14 20:54:08,0.99780000,23.10252,s,l
2025-03-14 20:54:08,0.99780000,23.10730,s,l
2025-03-14 20:54:08,0.99780000,23.11208,s,l
2025-03-14 20:54:08,0.99780000,23.11686,s,l
2025-03-14 20:54:08,0.99780000,23.12164,s,l
2025-03-14 20:54:08,0.99780000,23.12642,s,l
2025-03-14 20:54:08,0.99780000,23.13120,s,l
2025-03-14 20:54:08,0.99780000,23.13598,s,l
2025-03-14 20:54:08,0.99780000,23.14076,s,l
2025-03-14 20:54:08,0.99780000,23.14554,s,l
2025-03-14 20:54:08,0.99780000,23.15032,s,l
2025-03-14 20:54:08,0.99790000,23.15520,s,l
2025-03-14 20:54:08,0.99790000,126.90458,s,l
2025-03-14 20:54:08,0.99780000,203.58297,s,l
2025-03-14 20:54:08,0.99780000,23.15998,s,l
2025-03-14 20:54:21,0.99780000,25.30368,s,l
2025-03-14 20:54:21,0.99780000,25.30393,s,l
2025-03-14 20:54:21,0.99780000,25.30426,s,l
2025-03-14 20:54:21,0.99780000,25.30448,s,l
2025-03-14 20:54:21,0.99780000,25.30469,s,l
2025-03-14 20:54:21,0.99780000,25.30491,s,l
2025-03-14 20:54:21,0.99780000,25.30513,s,l
2025-03-14 20:54:21,0.99780000,25.30545,s,l
2025-03-14 20:54:21,0.99780000,25.30567,s,l
2025-03-14 20:54:21,0.99780000,25.30588,s,l
2025-03-14 20:54:21,0.99780000,25.30611,s,l
2025-03-14 20:54:21,0.99780000,25.30632,s,l
2025-03-14 20:54:21,0.99780000,25.30654,s,l
2025-03-14 20:54:21,0.99780000,25.30687,s,l
2025-03-14 20:54:21,0.99780000,25.30708,s,l
2025-03-14 20:54:21,0.99780000,25.30730,s,l
2025-03-14 20:54:21,0.99780000,25.30752,s,l
2025-03-14 20:54:21,0.99780000,25.30774,s,l
2025-03-14 20:54:21,0.99780000,25.30806,s,l
2025-03-14 20:54:21,0.99780000,25.30828,s,l
2025-03-14 20:54:21,0.99780000,25.30849,s,l
2025-03-14 20:54:46,0.99780000,25.30831,s,l
2025-03-14 20:54:46,0.99780000,25.30893,s,l
2025-03-14 20:54:46,0.99780000,25.30926,s,l
2025-03-14 20:54:46,0.99780000,25.30947,s,l
2025-03-14 20:54:46,0.99780000,25.30969,s,l
2025-03-14 20:54:46,0.99780000,25.30991,s,l
2025-03-14 20:54:46,0.99780000,25.31013,s,l
2025-03-14 20:54:46,0.99780000,25.31034,s,l
2025-03-14 20:54:46,0.99780000,25.31056,s,l
2025-03-14 20:54:46,0.99780000,25.31078,s,l
2025-03-14 20:54:46,0.99780000,25.31099,s,l
2025-03-14 20:54:46,0.99780000,25.31121,s,l
2025-03-14 20:54:46,0.99780000,25.31143,s,l
2025-03-14 20:54:46,0.99780000,25.31165,s,l
2025-03-14 20:54:46,0.99780000,25.31186,s,l
2025-03-14 20:54:46,0.99780000,25.31208,s,l
2025-03-14 20:55:45,0.99770000,10000.00000,s,l
2025-03-14 20:55:46,0.99770000,18.53031,s,l
2025-03-14 20:55:56,0.99730000,10000.00000,s,l
2025-03-14 20:57:11,0.99740000,9989.80020,s,l
2025-03-14 20:57:27,0.99770000,10000.00000,s,l
2025-03-14 20:57:33,0.99770000,10000.00000,s,l
2025-03-14 20:57:35,0.99780000,7687.99999,s,l
2025-03-14 20:57:55,0.99700000,10000.00000,s,l
2025-03-14 20:57:58,0.99700000,10000.00000,s,l
2025-03-15 00:08:14,0.99850000,9.79503,s,l
2025-03-15 08:16:08,0.99900000,8.55326,s,l
2025-03-17 00:26:26,0.99900000,100.01000,s,l
2025-03-17 06:29:51,0.99910000,83.39684,b,l
2025-03-17 13:10:02,0.99910000,19.39555,b,l
2025-03-17 14:00:19,0.99900000,19.39555,s,l
2025-03-18 08:15:32,0.99910000,41.01441,b,l
2025-03-18 08:15:32,0.99910000,6.25297,b,l
2025-03-18 08:15:32,0.99920000,33.01163,b,l
2025-03-18 08:15:32,0.99920000,34.78533,b,l
2025-03-18 08:15:32,0.99920000,34.64020,b,l
2025-03-18 08:15:32,0.99920000,20.78180,b,l
2025-03-18 08:16:14,0.99900000,854.94234,s,l
2025-03-18 08:16:14,0.99900000,17.09885,s,l
2025-03-18 08:17:29,0.99850000,297.17557,s,l
2025-03-18 10:15:43,0.99910000,21.55378,b,l
2025-03-18 10:15:43,0.99920000,478.44622,b,l
2025-03-19 18:00:15,0.99920000,6996.54483,b,l
2025-03-19 18:00:16,0.99920000,238.09523,b,l
2025-03-19 18:00:17,0.99920000,3654.52201,b,l
2025-03-20 10:17:47,0.99850000,238.09523,s,l
2025-03-20 10:17:47,0.99850000,4761.90477,s,l
2025-03-21 11:18:27,0.99810000,6.60567,s,m
2025-03-21 15:53:52,0.99910000,11.33009,b,l
2025-03-21 15:53:56,0.99910000,238.16658,b,l
2025-03-21 15:56:07,0.99910000,25.62306,b,m
2025-03-21 16:01:10,0.99910000,25.62306,b,m
2025-03-21 20:34:21,0.99860000,31.71862,s,l
2025-03-22 01:36:41,0.99860000,5.05341,s,l
2025-03-22 02:33:51,0.99860000,5.05170,s,l
2025-03-22 04:39:05,0.99860000,5.05562,s,l
2025-03-22 07:19:26,0.99900000,175.44757,b,l
2025-03-22 07:30:48,0.99900000,9.73603,s,l
2025-03-22 07:54:39,0.99900000,83.13668,s,l
2025-03-22 07:55:06,0.99900000,238.16658,s,l
2025-03-22 07:56:55,0.99900000,21.62294,s,l
2025-03-22 07:58:04,0.99900000,152.09909,s,l
2025-03-22 09:19:34,0.99900000,21.62294,s,l
2025-03-22 09:33:13,0.99860000,5.07701,s,l
2025-03-22 11:21:40,0.99910000,10000.00000,b,l
2025-03-22 11:33:24,0.99860000,6.75555,s,l
2025-03-22 13:32:30,0.99860000,6.74224,s,l
2025-03-22 17:32:38,0.99860000,6.73193,s,l
2025-03-22 22:30:32,0.99860000,21.84662,s,l
2025-03-23 00:33:38,0.99860000,25.19288,s,l
2025-03-23 01:31:42,0.99860000,26.87249,s,l
2025-03-23 03:37:28,0.99860000,5.04863,s,l
2025-03-23 11:06:16,0.99910000,43.98202,b,l
2025-03-23 12:37:24,0.99860000,18.63447,s,l
2025-03-23 14:19:52,0.99860000,4.04170,s,l
2025-03-23 14:36:43,0.99860000,28.88723,s,l
2025-03-23 15:32:23,0.99860000,20.39889,s,l
2025-03-23 16:22:08,0.99860000,20.91020,s,l
2025-03-23 16:33:51,0.99860000,11.91260,s,l
2025-03-23 17:34:08,0.99860000,5.32620,s,l
2025-03-23 18:14:55,0.99910000,351.58590,b,l
2025-03-23 18:14:55,0.99910000,351.58590,b,l
2025-03-23 18:14:55,0.99910000,351.58590,b,l
2025-03-23 18:27:16,0.99910000,5710.02001,b,l
2025-03-23 18:27:16,0.99860000,288.52685,s,l
2025-03-23 18:27:16,0.99900000,70.31718,b,l
2025-03-23 18:27:16,0.99910000,238.62284,b,l
2025-03-23 18:27:16,0.99860000,138.63759,s,l
2025-03-23 18:27:16,0.99860000,703.19337,s,l
2025-03-23 18:27:16,0.99860000,703.19337,s,l
2025-03-23 18:27:16,0.99860000,703.19337,s,l
2025-03-23 18:27:16,0.99860000,703.19337,s,l
2025-03-23 18:27:16,0.99860000,1406.38674,s,l
2025-03-23 18:27:17,0.99860000,1406.38674,s,l
2025-03-23 18:27:17,0.99860000,1406.38674,s,l
2025-03-23 18:27:17,0.99860000,1621.85654,s,l
2025-03-23 18:27:17,0.99860000,1190.91694,s,l
2025-03-23 18:27:17,0.99860000,430.93960,s,l
2025-03-23 18:27:17,0.99860000,759.97734,s,l
2025-03-23 18:27:17,0.99860000,430.93960,s,l
2025-03-23 18:28:20,0.99860000,1196.19896,s,l
2025-03-23 18:29:00,0.99860000,24.03007,s,l
2025-03-23 19:38:14,0.99860000,37.50035,s,l
2025-03-23 21:55:45,0.99990000,70.31718,b,m
2025-03-23 21:55:45,1.00000000,10.04444,b,m
2025-03-23 23:30:14,0.99860000,5.10959,s,l
2025-03-24 00:35:06,0.99860000,5.14733,s,l
2025-03-24 01:37:37,0.99860000,6.88781,s,l
2025-03-24 03:37:47,0.99860000,18.90985,s,l
2025-03-24 04:24:58,0.99860000,344.27962,s,l
2025-03-24 04:33:27,0.99860000,8.62902,s,l
2025-03-24 05:35:55,0.99860000,39.98351,s,l
2025-03-24 06:39:46,0.99860000,36.53031,s,l
2025-03-24 07:34:36,0.99860000,10.44721,s,l
2025-03-24 08:30:11,0.99860000,26.09139,s,l
2025-03-24 10:33:03,0.99860000,5.24191,s,l
2025-03-24 11:33:40,0.99860000,7.01908,s,l
2025-03-24 11:53:02,0.99910000,5.00000,b,m
2025-03-24 12:32:51,0.99860000,81.09342,s,l
2025-03-24 13:38:32,0.99860000,17.51769,s,l
2025-03-24 14:38:01,0.99860000,115.11881,s,l
2025-03-24 21:55:54,0.99810000,51.24612,s,m
2025-03-25 00:06:32,0.99910000,45.04735,b,m
2025-03-25 00:19:47,0.99910000,37.97312,b,m
2025-03-25 08:43:40,0.99910000,5.00000,b,m
2025-03-25 09:51:46,0.99910000,5.00000,b,m
2025-03-25 13:31:44,0.99910000,49.59870,b,l
2025-03-25 15:51:04,0.99860000,15.00000,s,m
2025-03-26 10:09:49,0.99860000,56.18087,s,l
2025-03-26 11:20:24,0.99860000,344.94822,s,l
2025-03-26 13:20:11,0.99860000,45.04735,s,m
2025-03-26 19:07:58,0.99860000,72.44878,s,l
2025-03-26 19:08:05,0.99860000,167.60635,s,l
2025-03-26 19:09:58,0.99860000,167.60484,s,l
2025-03-26 19:10:17,0.99860000,28.10651,s,l
2025-03-26 19:10:38,0.99860000,62.19847,s,l
2025-03-26 19:10:41,0.99860000,15.10210,s,l
2025-03-26 19:10:57,0.99860000,167.60786,s,l
2025-03-26 19:10:57,0.99860000,167.60786,s,l
2025-03-26 19:11:02,0.99860000,18.39472,s,l
2025-03-26 19:11:02,0.99860000,18.41647,s,l
2025-03-26 19:11:41,0.99860000,53.95343,s,l
2025-03-26 19:11:43,0.99860000,53.41157,s,l
2025-03-26 19:11:45,0.99860000,35.23272,s,l
2025-03-26 19:11:48,0.99860000,167.60786,s,l
2025-03-26 19:12:10,0.99860000,1356.18105,s,l
2025-03-26 19:12:10,0.99860000,1092.33836,s,l
2025-03-26 19:12:10,0.99860000,263.84269,s,l
2025-03-26 19:12:11,0.99860000,1092.33836,s,l
2025-03-26 19:13:43,0.99860000,984.14765,s,l
2025-03-26 21:22:08,0.99870000,31.51026,b,l
2025-03-26 21:22:08,0.99910000,1999.99990,b,l
2025-03-26 21:22:21,0.99900000,5.00000,b,l
2025-03-26 21:22:21,0.99860000,5.00050,s,l
2025-03-26 21:22:22,0.99900000,5.05036,b,l
2025-03-26 21:22:30,0.99900000,1984.94905,b,l
2025-03-26 21:22:30,0.99910000,15.03095,b,l
2025-03-26 21:22:55,0.99900000,1329.58926,s,l
2025-03-26 21:23:14,0.99860000,25.35422,s,l
2025-03-27 14:15:56,0.99860000,37.97312,s,m
2025-03-27 14:38:19,0.99860000,1356.18105,s,l
2025-03-27 14:38:19,0.99860000,1356.18105,s,l
2025-03-27 14:38:19,0.99860000,1356.18105,s,l
2025-03-27 14:38:19,0.99860000,1356.18105,s,l
2025-03-27 14:38:20,0.99860000,1356.18105,s,l
2025-03-27 14:38:20,0.99860000,1356.18105,s,l
2025-03-27 14:38:20,0.99860000,1356.18105,s,l
2025-03-27 14:38:20,0.99860000,150.32185,s,l
2025-03-27 14:38:20,0.99860000,1356.18105,s,l
2025-03-27 14:38:20,0.99860000,1356.18105,s,l
2025-03-27 14:38:20,0.99860000,1356.18105,s,l
2025-03-27 14:38:20,0.99860000,1356.18105,s,l
2025-03-27 14:38:20,0.99860000,1356.18105,s,l
2025-03-27 14:38:27,0.99860000,37.00000,s,l
2025-03-27 20:38:01,0.99990000,23.60000,b,l
2025-03-28 01:35:18,0.99900000,477.98898,b,l
2025-03-28 01:35:49,0.99900000,71.34214,b,l
2025-03-28 02:36:49,0.99860000,10.69418,s,l
2025-03-28 06:53:45,0.99860000,286.40377,s,l
2025-03-28 06:53:45,0.99860000,286.40635,s,l
2025-03-28 06:53:47,0.99860000,137.23632,s,l
2025-03-28 06:53:47,0.99860000,286.57561,s,l
2025-03-28 06:53:48,0.99860000,2001.01158,s,l
2025-03-28 06:53:48,0.99860000,2001.01149,s,l
2025-03-28 06:53:48,0.99860000,1592.54435,s,l
2025-03-28 06:53:48,0.99860000,2001.01063,s,l
2025-03-28 07:39:05,0.99860000,8.60078,s,l
2025-03-28 11:14:49,0.99910000,4398.50460,b,l
2025-03-28 11:22:23,0.99860000,4385.38630,s,l
2025-03-28 12:34:35,0.99860000,13.74690,s,l
2025-03-28 12:57:33,0.99900000,1037.99322,b,l
2025-03-28 12:57:33,0.99900000,1038.20810,b,l
2025-03-28 12:57:33,0.99900000,765.84555,b,l
2025-03-28 13:08:05,0.99910000,10006.81543,b,l
2025-03-28 13:08:05,0.99910000,5594.67997,b,l
2025-03-28 13:08:05,0.99910000,1536.57399,b,l
2025-03-28 13:08:05,0.99910000,1033.18463,b,l
2025-03-28 13:08:11,0.99910000,1828.24138,b,l
2025-03-28 13:08:31,0.99910000,10006.77780,b,l
2025-03-28 13:08:31,0.99910000,1546.87991,b,l
2025-03-28 13:08:31,0.99910000,1458.17075,b,l
2025-03-28 13:08:31,0.99910000,1458.17077,b,l
2025-03-28 13:09:02,0.99860000,116.94363,s,l
2025-03-28 13:09:25,0.99860000,5.96987,s,l
2025-03-28 13:10:44,0.99860000,6.01763,s,l
2025-03-28 13:13:25,0.99860000,6.98724,s,l
2025-03-28 16:18:22,0.99800000,1000.00000,s,l
2025-03-28 16:18:22,0.99700000,1000.00000,s,l
2025-03-28 16:24:01,0.99700000,10027.88716,b,l
2025-03-28 16:24:03,0.99700000,8439.95205,b,l
2025-03-28 16:24:04,0.99700000,10027.89398,b,l
2025-03-28 16:24:05,0.99700000,1525.97733,b,l
2025-03-28 16:24:05,0.99700000,1524.09868,b,l
2025-03-28 16:24:08,0.99700000,17004.15396,b,l
2025-03-28 16:24:17,0.99700000,10027.90431,b,l
2025-03-28 16:24:17,0.99700000,1526.19317,b,l
2025-03-28 16:24:17,0.99700000,8445.75446,b,l
2025-03-28 16:24:17,0.99700000,1526.20047,b,l
2025-03-28 16:24:18,0.99700000,10027.91013,b,l
2025-03-28 16:24:22,0.99700000,9430.30541,b,l
2025-03-28 16:24:24,0.99700000,6.10628,b,l
2025-03-28 16:24:24,0.99700000,1525.25521,b,l
2025-03-28 16:24:24,0.99700000,1525.26441,b,l
2025-03-28 16:24:24,0.99700000,1525.26620,b,l
2025-03-28 16:24:24,0.99700000,1525.26800,b,l
2025-03-28 16:24:25,0.99700000,1525.21925,b,l
2025-03-28 16:24:25,0.99700000,1409.84530,b,l
2025-03-28 16:24:25,0.99700000,1410.08754,b,l
2025-03-28 16:29:24,0.99700000,1410.29294,b,l
2025-03-28 16:29:24,0.99700000,1410.43460,b,l
2025-03-28 16:29:24,0.99700000,1410.57615,b,l
2025-03-28 16:29:24,0.99700000,1410.71781,b,l
2025-03-28 16:29:24,0.99700000,1410.85947,b,l
2025-03-28 16:29:25,0.99700000,1978.69725,b,l
2025-03-28 16:29:25,0.99700000,1976.45490,b,l
2025-03-28 16:29:25,0.99700000,1976.45710,b,l
2025-03-28 16:29:25,0.99700000,1976.45940,b,l
2025-03-28 16:29:26,0.99700000,1976.46170,b,l
2025-03-28 16:29:26,0.99700000,1976.46399,b,l
2025-03-28 16:29:26,0.99700000,1976.46629,b,l
2025-03-28 16:29:26,0.99700000,1976.46849,b,l
2025-03-28 16:29:26,0.99700000,1976.47079,b,l
2025-03-28 16:29:26,0.99700000,1976.47298,b,l
2025-03-28 16:29:26,0.99700000,234.53549,b,l
2025-03-28 16:29:26,0.99700000,1976.47528,b,l
2025-03-28 16:29:30,0.99700000,8.69545,b,l
2025-03-28 16:29:30,0.99700000,1975.88797,b,l
2025-03-28 16:29:30,0.99700000,1976.08627,b,l
2025-03-28 16:29:30,0.99700000,1976.28467,b,l
2025-03-28 16:29:30,0.99700000,1976.48317,b,l
2025-03-28 16:30:48,0.99700000,10027.93761,b,l
2025-03-28 16:30:48,0.99700000,1976.53432,b,l
2025-03-28 16:30:48,0.99700000,7995.40631,b,l
2025-03-28 16:30:48,0.99700000,1976.55480,b,l
2025-03-28 16:30:51,0.99700000,10027.95495,b,l
2025-03-28 16:30:52,0.99700000,1976.52563,b,l
2025-03-28 16:30:52,0.99700000,1976.55920,b,l
2025-03-28 16:30:52,0.99700000,1976.56140,b,l
2025-03-28 16:30:52,0.99700000,1976.56369,b,l
2025-03-28 16:30:53,0.99700000,88.28046,b,l
2025-03-28 16:30:56,0.99700000,1976.56609,b,l
2025-03-28 16:30:56,0.99700000,1976.56839,b,l
2025-03-28 16:30:56,0.99700000,1976.57069,b,l
2025-03-28 16:30:57,0.99700000,1976.57298,b,l
2025-03-28 16:30:57,0.99700000,1976.57518,b,l
2025-03-28 16:30:57,0.99700000,1976.57738,b,l
2025-03-28 16:30:57,0.99700000,1976.57968,b,l
2025-03-28 16:30:57,0.99700000,1976.58197,b,l
2025-03-28 16:30:57,0.99700000,1976.58427,b,l
2025-03-28 16:30:57,0.99700000,1976.58647,b,l
2025-03-28 16:30:57,0.99700000,233.05085,b,l
2025-03-28 16:31:01,0.99700000,1976.58877,b,l
2025-03-28 16:31:01,0.99700000,1976.59127,b,l
2025-03-28 16:31:01,0.99700000,1976.59366,b,l
2025-03-28 16:31:01,0.99700000,1976.59596,b,l
2025-03-28 16:31:01,0.99700000,1976.59826,b,l
2025-03-28 16:31:01,0.99700000,1976.60056,b,l
2025-03-28 16:31:01,0.99700000,1976.60275,b,l
2025-03-28 16:31:01,0.99700000,234.20474,b,l
2025-03-28 17:14:59,0.99700000,1.18625,b,l
2025-03-28 17:14:59,1.00000000,0.83555,b,l
2025-03-28 19:33:27,1.00000000,52.21010,b,l
2025-03-28 20:12:49,0.99600000,51.17820,s,l
2025-03-29 03:21:49,0.99860000,1.98200,s,l
2025-03-29 12:28:00,0.99860000,20.02002,s,m
2025-03-29 16:42:26,0.99860000,10.77764,s,l
2025-03-30 01:35:19,0.99900000,1000.00000,s,l
2025-03-30 01:35:45,0.99860000,1000.00000,s,l
2025-03-30 23:01:20,0.99910000,10.91170,b,l
2025-03-31 03:00:57,1.00000000,37.90880,b,l
2025-03-31 03:27:48,0.99860000,37.16470,s,l
2025-03-31 14:10:22,0.99910000,12.62360,b,l
2025-04-01 01:38:01,0.99910000,20.20000,b,l
2025-04-01 11:31:23,0.99860000,111.32215,s,l
2025-04-01 13:40:54,0.99860000,2001.01114,s,l
2025-04-01 13:40:54,0.99860000,315.92769,s,l
2025-04-01 13:40:54,0.99860000,252.86420,s,l
2025-04-01 13:40:54,0.99860000,249.16633,s,l
2025-04-01 13:40:55,0.99860000,247.31694,s,l
2025-04-01 13:40:55,0.99860000,245.47386,s,l
2025-04-01 13:40:55,0.99860000,243.79060,s,l
2025-04-01 13:40:56,0.99860000,242.00440,s,l
2025-04-01 13:40:56,0.99860000,240.23883,s,l
2025-04-01 13:41:33,0.99860000,149.70909,s,l
2025-04-01 13:41:33,0.99860000,328.12397,s,l
2025-04-01 13:41:37,0.99860000,2001.01114,s,l
2025-04-01 13:41:38,0.99860000,23.59373,s,l
2025-04-01 13:45:32,0.99860000,2001.01114,s,l
2025-04-01 13:45:32,0.99860000,2001.01114,s,l
2025-04-01 13:45:32,0.99860000,2001.01114,s,l
2025-04-01 13:45:32,0.99860000,2001.01114,s,l
2025-04-01 13:45:32,0.99860000,2001.01114,s,l
2025-04-01 13:45:33,0.99860000,2001.01114,s,l
2025-04-01 13:45:33,0.99860000,1453.70124,s,l
2025-04-01 13:45:33,0.99860000,547.30990,s,l
2025-04-01 13:45:33,0.99860000,2001.01114,s,l
2025-04-01 13:45:33,0.99860000,1488.67896,s,l
2025-04-01 13:45:33,0.99860000,501.78285,s,l
2025-04-01 13:45:33,0.99860000,10.54933,s,l
2025-04-01 13:45:33,0.99860000,10.54906,s,l
2025-04-01 13:45:33,0.99860000,1979.91275,s,l
2025-04-01 13:51:26,0.99860000,0.20601,s,l
2025-04-01 13:51:26,0.99860000,671.00057,s,l
2025-04-01 13:52:24,0.99860000,2001.01114,s,l
2025-04-01 13:52:24,0.99860000,2001.01114,s,l
2025-04-01 13:52:25,0.99860000,1072.69607,s,l
2025-04-01 14:00:22,0.99860000,2001.01114,s,l
2025-04-01 14:00:22,0.99860000,2001.01114,s,l
2025-04-01 14:00:22,0.99860000,2001.01114,s,l
2025-04-01 14:00:22,0.99860000,682.54766,s,l
2025-04-01 14:00:22,0.99860000,682.54766,s,l
2025-04-01 14:00:22,0.99860000,635.91582,s,l
2025-04-01 14:00:22,0.99860000,682.54766,s,l
2025-04-01 14:00:22,0.99860000,1318.46348,s,l
2025-04-01 14:00:22,0.99860000,682.54766,s,l
2025-04-01 14:00:22,0.99860000,1318.46348,s,l
2025-04-01 14:00:22,0.99860000,682.54766,s,l
2025-04-01 14:00:22,0.99860000,1318.46348,s,l
2025-04-01 14:00:22,0.99860000,246.20310,s,l
2025-04-01 14:00:22,0.99860000,436.34456,s,l
2025-04-01 14:00:22,0.99860000,235.65544,s,l
2025-04-01 14:00:22,0.99860000,1082.80804,s,l
2025-04-01 14:00:22,0.99860000,682.54766,s,l
2025-04-01 14:00:22,0.99860000,1318.46348,s,l
2025-04-01 14:00:22,0.99860000,1990.18082,s,l
2025-04-01 14:00:29,0.99860000,2001.01114,s,l
2025-04-01 14:00:29,0.99860000,2001.01114,s,l
2025-04-01 14:00:29,0.99860000,2001.01114,s,l
2025-04-01 14:00:29,0.99860000,1726.67684,s,l
2025-04-01 14:07:29,0.99860000,329.12327,s,l
2025-04-01 14:07:29,0.99860000,1671.88787,s,l
2025-04-01 14:07:29,0.99860000,4591.69932,s,l
2025-04-01 14:07:29,0.99860000,1414.87754,s,l
2025-04-01 14:07:29,0.99860000,4262.70174,s,l
2025-04-01 14:07:29,0.99860000,3486.84939,s,l
2025-04-01 14:07:29,0.99860000,4242.15061,s,l
2025-04-01 14:07:29,0.99860000,329.12327,b,l
2025-04-01 14:07:29,0.99860000,329.12327,b,l
2025-04-01 14:07:29,0.99860000,329.12327,b,l
2025-04-01 14:07:29,0.99860000,314.71248,b,l
2025-04-01 14:07:29,0.99860000,14.41079,b,l
2025-04-01 14:07:29,0.99860000,314.71248,b,l
2025-04-01 14:07:29,0.99850000,329.12327,b,l
2025-04-01 14:07:29,0.99850000,329.12327,b,l
2025-04-01 14:07:29,0.99850000,329.12327,b,l
2025-04-01 14:07:30,0.99850000,309.81886,b,l
2025-04-01 14:07:30,0.99850000,19.30441,b,l
2025-04-01 14:07:30,0.99850000,309.81886,b,l
2025-04-01 14:07:30,0.99850000,19.30441,b,l
2025-04-01 14:07:30,0.99850000,309.81886,b,l
2025-04-01 14:07:30,0.99850000,19.30441,b,l
2025-04-01 14:07:30,0.99850000,309.81886,b,l
2025-04-01 14:07:30,0.99850000,19.30441,b,l
2025-04-01 14:07:30,0.99850000,309.81886,b,l
2025-04-01 14:07:30,0.99850000,19.30441,b,l
2025-04-01 14:07:30,0.99850000,285.63551,b,l
2025-04-01 14:07:30,0.99850000,329.12327,b,l
2025-04-01 14:07:30,0.99850000,329.12327,b,l
2025-04-01 14:07:30,0.99850000,107.22046,b,l
2025-04-01 14:07:30,0.99850000,221.90281,b,l
2025-04-01 14:07:31,0.99850000,107.22046,b,l
2025-04-01 14:07:40,0.99860000,40.90856,s,l
2025-04-01 14:07:43,0.99860000,1921.28182,s,l
2025-04-01 14:08:21,0.99860000,38.59978,s,l
2025-04-01 14:09:47,0.99860000,17.62157,s,l
2025-04-01 14:09:49,0.99860000,1334.75095,s,l
2025-04-01 14:09:49,0.99860000,666.26019,s,l
2025-04-01 14:09:49,0.99860000,20.62136,s,l
2025-04-01 14:10:38,0.99860000,2001.01114,s,l
2025-04-01 14:10:38,0.99860000,692.10955,s,l
2025-04-01 14:12:44,0.99860000,108.42528,s,l
2025-04-01 14:13:42,0.99860000,2001.01114,s,l
2025-04-01 14:13:42,0.99860000,2001.01114,s,l
2025-04-01 14:13:42,0.99860000,2001.01114,s,l
2025-04-01 14:13:42,0.99860000,2001.01114,s,l
2025-04-01 14:13:42,0.99860000,2001.01114,s,l
2025-04-01 14:13:42,0.99860000,2001.01114,s,l
2025-04-01 14:13:42,0.99860000,1152.34296,s,l
2025-04-01 14:13:42,0.99860000,848.66818,s,l
2025-04-01 14:13:42,0.99860000,1113.33182,s,l
2025-04-01 14:13:42,0.99860000,38.00000,s,l
2025-04-01 14:13:42,0.99860000,849.67932,s,l
2025-04-01 14:13:42,0.99860000,1190.32068,s,l
2025-04-01 14:13:42,0.99860000,799.98886,s,l
2025-04-01 14:13:42,0.99860000,10.70160,s,l
2025-04-01 14:13:42,0.99860000,1882.30954,s,l
2025-04-01 14:13:42,0.99860000,97.29840,s,l
2025-04-01 14:13:42,0.99860000,10.70160,s,l
2025-04-01 14:13:47,0.99860000,2001.01114,s,l
2025-04-01 14:13:47,0.99860000,2001.01114,s,l
2025-04-01 14:13:47,0.99860000,2001.01114,s,l
2025-04-01 14:13:47,0.99860000,2001.01114,s,l
2025-04-01 14:13:47,0.99860000,2001.01114,s,l
2025-04-01 14:13:47,0.99860000,2001.01114,s,l
2025-04-01 14:13:47,0.99860000,2001.01114,s,l
2025-04-01 14:13:47,0.99860000,2001.01114,s,l
2025-04-01 14:13:47,0.99860000,1990.89974,s,l
2025-04-01 14:13:47,0.99860000,10.11140,s,l
2025-04-01 14:13:48,0.99860000,1990.48994,s,l
2025-04-01 14:13:57,0.99860000,0.40980,s,l
2025-04-01 14:13:57,0.99860000,2000.60134,s,l
2025-04-01 14:13:57,0.99860000,2001.01114,s,l
2025-04-01 14:13:57,0.99860000,2001.01114,s,l
2025-04-01 14:13:57,0.99860000,2001.01114,s,l
2025-04-01 14:13:57,0.99860000,2001.01114,s,l
2025-04-01 14:13:57,0.99860000,2001.01114,s,l
2025-04-01 14:13:57,0.99860000,2001.01114,s,l
2025-04-01 14:13:57,0.99860000,2001.01114,s,l
2025-04-01 14:13:57,0.99860000,1990.30954,s,l
2025-04-01 14:13:57,0.99860000,10.70160,s,l
2025-04-01 14:13:57,0.99860000,1979.60794,s,l
2025-04-01 14:14:02,0.99860000,10.70160,s,l
2025-04-01 14:14:11,0.99860000,681.31043,s,l
2025-04-01 14:14:11,0.99860000,692.01191,s,l
2025-04-01 14:14:36,0.99860000,2001.01114,s,l
2025-04-01 14:14:36,0.99860000,2001.01114,s,l
2025-04-01 14:14:36,0.99860000,2001.01114,s,l
2025-04-01 14:14:36,0.99860000,2001.01114,s,l
2025-04-01 14:14:36,0.99860000,2001.01114,s,l
2025-04-01 14:14:36,0.99860000,2001.01114,s,l
2025-04-01 14:14:36,0.99860000,2001.01114,s,l
2025-04-01 14:14:36,0.99860000,2001.01114,s,l
2025-04-01 14:14:36,0.99860000,1990.16760,s,l
2025-04-01 14:14:36,0.99860000,10.84354,s,l
2025-04-01 14:14:36,0.99860000,617.57740,s,l
2025-04-01 14:14:36,0.99860000,1361.74666,s,l
2025-04-01 14:14:38,0.99860000,10.84354,s,l
2025-04-01 14:14:45,0.99860000,0.40980,s,l
2025-04-01 14:14:45,0.99860000,2000.60134,s,l
2025-04-01 14:14:45,0.99860000,2001.01114,s,l
2025-04-01 14:14:45,0.99860000,2001.01114,s,l
2025-04-01 14:14:45,0.99860000,2001.01114,s,l
2025-04-01 14:14:45,0.99860000,2001.01114,s,l
2025-04-01 14:14:45,0.99860000,2001.01114,s,l
2025-04-01 14:14:45,0.99860000,2001.01114,s,l
2025-04-01 14:14:45,0.99860000,2001.01114,s,l
2025-04-01 14:14:45,0.99860000,1990.30954,s,l
2025-04-01 14:14:45,0.99860000,2001.01114,s,l
2025-04-01 14:15:34,0.99860000,2001.01114,s,l
2025-04-01 14:15:34,0.99860000,2001.01114,s,l
2025-04-01 14:15:34,0.99860000,2001.01114,s,l
2025-04-01 14:15:34,0.99860000,2001.01061,s,l
2025-04-01 14:28:30,0.99860000,2001.01114,s,l
2025-04-01 14:28:30,0.99860000,2001.01114,s,l
2025-04-01 14:28:30,0.99860000,2001.01114,s,l
2025-04-01 14:28:30,0.99860000,2001.01114,s,l
2025-04-01 14:28:30,0.99860000,2001.01114,s,l
2025-04-01 14:28:30,0.99860000,1990.90027,s,l
2025-04-01 14:28:30,0.99860000,10.11087,s,l
2025-04-01 14:28:30,0.99860000,2001.01114,s,l
2025-04-01 14:28:30,0.99860000,2001.01114,s,l
2025-04-01 14:28:30,0.99860000,1990.85571,s,l
2025-04-01 14:28:31,0.99860000,2001.01114,s,l
2025-04-01 14:28:40,0.99860000,2001.01114,s,l
2025-04-01 14:28:40,0.99860000,2001.01114,s,l
2025-04-01 14:28:40,0.99860000,2001.01114,s,l
2025-04-01 14:28:40,0.99860000,2001.01114,s,l
2025-04-01 14:28:40,0.99860000,2001.01114,s,l
2025-04-01 14:28:40,0.99860000,2001.01114,s,l
2025-04-01 14:28:40,0.99860000,2001.01114,s,l
2025-04-01 14:28:40,0.99860000,2001.01114,s,l
2025-04-01 14:28:40,0.99860000,2001.01114,s,l
2025-04-01 14:28:41,0.99860000,1989.94377,s,l
2025-04-01 14:30:00,0.99860000,0.95597,s,l
2025-04-01 14:30:00,0.99860000,2000.05517,s,l
2025-04-01 14:30:00,0.99860000,2001.01114,s,l
2025-04-01 14:30:00,0.99860000,2001.01114,s,l
2025-04-01 14:30:00,0.99860000,2001.01114,s,l
2025-04-01 14:30:00,0.99860000,9.24273,s,l
2025-04-01 14:30:00,0.99860000,1991.76807,s,l
2025-04-01 14:30:01,0.99860000,2001.01114,s,l
2025-04-01 14:30:01,0.99860000,2001.01114,s,l
2025-04-01 14:30:01,0.99860000,2001.01114,s,l
2025-04-01 14:30:01,0.99860000,1990.85605,s,l
2025-04-01 14:30:01,0.99860000,10.15509,s,l
2025-04-01 14:30:01,0.99860000,1990.85605,s,l
2025-04-01 19:42:57,0.99910000,52.79137,b,l
2025-04-02 15:34:30,0.99910000,451.02292,b,l
2025-04-02 15:39:08,0.99910000,450.99859,b,l
2025-04-02 15:39:10,0.99910000,451.03743,b,l
2025-04-02 15:39:21,0.99910000,100.17956,b,l
2025-04-02 15:39:26,0.99910000,114.27144,b,l
2025-04-02 15:39:34,0.99910000,236.67060,b,l
2025-04-02 15:39:46,0.99910000,145.67951,b,l
2025-04-02 15:40:00,0.99910000,8.71874,b,l
2025-04-02 15:40:00,0.99910000,442.41437,b,l
2025-04-02 15:49:27,0.99860000,12.62360,s,l
2025-04-02 16:00:31,0.99910000,9.91970,b,l
2025-04-02 16:38:04,0.99860000,10.79280,s,l
2025-04-02 20:06:37,0.99860000,9.82150,s,l
2025-04-02 20:13:22,0.99910000,2001.02247,b,l
2025-04-02 20:13:22,0.99910000,46.06458,b,l
2025-04-02 20:13:23,0.99910000,2001.02247,b,l
2025-04-02 20:13:23,0.99910000,2001.02247,b,l
2025-04-02 20:13:24,0.99910000,2001.02247,b,l
2025-04-02 20:13:24,0.99910000,2001.02247,b,l
2025-04-02 20:13:24,0.99910000,26.09231,b,l
2025-04-02 20:13:25,0.99910000,2001.02247,b,l
2025-04-02 20:13:25,0.99910000,2001.02247,b,l
2025-04-02 20:13:26,0.99910000,1918.64088,b,l
2025-04-02 20:13:26,0.99910000,2083.40406,b,l
2025-04-02 20:13:28,0.99910000,773.93864,b,l
2025-04-02 20:13:28,0.99910000,773.93864,b,l
2025-04-02 20:13:29,0.99910000,370.76360,b,l
2025-04-02 20:13:39,0.99880000,150.10482,s,l
2025-04-02 20:13:39,0.99870000,328.90217,s,l
2025-04-02 20:13:39,0.99860000,15645.93297,s,l
2025-04-02 20:14:19,0.99860000,320.73193,s,l
2025-04-02 20:14:21,0.99860000,65.23767,s,l
2025-04-02 20:15:07,0.99860000,773.03224,s,l
2025-04-02 20:15:08,0.99860000,773.03224,s,l
2025-04-02 20:18:00,0.99860000,316.80253,s,l
2025-04-02 20:18:00,0.99860000,2095.40892,s,l
2025-04-02 20:18:00,0.99860000,9.00000,s,l
2025-04-02 20:18:00,0.99860000,2911.83122,s,l
2025-04-02 20:18:00,0.99860000,5016.24014,s,l
2025-04-02 20:18:00,0.99860000,4633.68850,s,l
2025-04-02 20:18:00,0.99860000,382.55164,s,l
2025-04-02 20:18:03,0.99860000,2701.68850,s,l
2025-04-02 20:18:03,0.99860000,386.00000,s,l
2025-04-02 20:18:03,0.99860000,1546.00000,s,l
2025-04-02 20:18:16,0.99860000,5016.24014,s,l
2025-04-02 20:18:17,0.99860000,5016.24014,s,l
2025-04-02 20:25:13,0.99860000,5016.24014,s,l
2025-04-02 20:25:13,0.99860000,4951.27958,s,l
2025-04-02 20:25:13,0.99860000,64.96056,s,l
2025-04-02 20:25:13,0.99860000,316.88954,s,l
2025-04-02 20:25:13,0.99860000,316.92745,s,l
2025-04-02 20:25:13,0.99860000,316.91285,s,l
2025-04-02 20:25:13,0.99860000,9016.30957,s,l
2025-04-02 20:26:47,0.99860000,5016.24014,s,l
2025-04-02 20:26:49,0.99860000,9967.51972,s,l
2025-04-02 20:26:49,0.99860000,688.44492,s,l
2025-04-02 20:26:52,0.99860000,299.50977,s,l
2025-04-02 20:26:53,0.99860000,3728.77568,s,l
2025-04-02 20:26:53,0.99860000,299.50977,s,l
2025-04-02 20:27:00,0.99810000,316.93798,s,l
2025-04-02 20:27:00,0.99800000,540.69569,s,l
2025-04-02 20:27:00,0.99810000,275.62102,s,l
2025-04-02 20:27:02,0.99810000,316.93798,s,l
2025-04-02 20:27:02,0.99800000,459.30429,s,l
2025-04-02 20:27:02,0.99850000,150.10483,b,l
2025-04-02 20:27:02,0.99860000,316.93798,s,l
2025-04-02 20:27:02,0.99860000,316.93798,s,l
2025-04-02 20:27:02,0.99860000,316.93798,s,l
2025-04-02 20:27:02,0.99860000,4027.31475,s,l
2025-04-02 20:27:02,0.99860000,316.93798,s,l
2025-04-02 20:27:02,0.99860000,291.63919,s,l
2025-04-02 20:27:02,0.99860000,25.29879,s,l
2025-04-02 20:27:02,0.99860000,291.76006,s,l
2025-04-02 20:27:02,0.99860000,25.17792,s,l
2025-04-02 20:27:03,0.99860000,316.93798,s,l
2025-04-02 20:27:03,0.99860000,316.93798,s,l
2025-04-02 20:27:03,0.99860000,316.93798,s,l
2025-04-02 20:27:03,0.99860000,136.75685,s,l
2025-04-02 20:27:03,0.99860000,136.73292,s,l
2025-04-02 20:27:03,0.99860000,136.74424,s,l
2025-04-02 20:27:03,0.99860000,43.46082,s,l
2025-04-02 20:27:03,0.99860000,499.80098,s,l
2025-04-02 20:27:03,0.99860000,136.73292,s,l
2025-04-02 20:27:03,0.99860000,136.74424,s,l
2025-04-02 20:27:03,0.99860000,6.39785,s,l
2025-04-02 20:27:03,0.99860000,37.06297,s,l
2025-04-02 20:27:03,0.99860000,3295.22387,s,l
2025-04-02 20:27:03,0.99860000,49.83476,s,l
2025-04-02 20:27:03,0.99860000,49.83476,s,l
2025-04-02 20:27:03,0.99860000,37.06340,s,l
2025-04-02 20:27:03,0.99860000,43.49649,s,l
2025-04-02 20:27:03,0.99860000,99.64560,s,l
2025-04-02 20:27:03,0.99860000,37.06297,s,l
2025-04-02 20:27:03,0.99860000,6.36000,s,l
2025-04-02 20:27:03,0.99860000,6.36000,s,l
2025-04-02 20:27:03,0.99860000,6.36000,s,l
2025-04-02 20:27:03,0.99860000,445.53325,s,l
2025-04-02 20:27:07,0.99860000,316.93797,s,l
2025-04-02 20:27:07,0.99860000,316.93727,s,l
2025-04-02 20:27:07,0.99860000,6989.05447,s,l
2025-04-02 20:27:07,0.99700000,82.30331,s,l
2025-04-02 20:27:07,0.99700000,234.63308,s,l
2025-04-02 20:27:08,0.99700000,82.30331,s,l
2025-04-02 20:27:09,0.99860000,315.81192,b,l
2025-04-02 20:27:37,0.99860000,316.92498,s,l
2025-04-02 20:27:38,0.99860000,317.02251,s,l
2025-04-02 20:27:38,0.99860000,4463.26607,s,l
2025-04-02 20:27:38,0.99860000,317.02252,s,l
2025-04-02 20:27:38,0.99860000,235.95089,s,l
2025-04-02 20:27:38,0.99860000,2332.81303,s,l
2025-04-02 20:27:38,0.99860000,2130.45226,s,l
2025-04-02 20:27:38,0.99860000,3297.99565,s,l
2025-04-02 20:27:38,0.99860000,39.89723,s,l
2025-04-02 20:27:39,0.99860000,3565.63455,s,l
2025-04-02 20:27:39,0.99860000,2983.02031,s,l
2025-04-02 20:28:09,0.99860000,1450.60326,s,l
2025-04-02 20:28:09,0.99860000,8589.80160,s,l
2025-04-02 20:28:30,0.99860000,901.15365,s,l
2025-04-02 20:28:39,0.99910000,9992.33016,b,l
2025-04-02 20:28:39,0.99910000,10003.53277,b,l
2025-04-02 20:29:14,0.99860000,20.38476,s,l
2025-04-02 20:38:00,0.99860000,15.71418,s,l
2025-04-02 20:55:23,0.99860000,381.35412,s,l
2025-04-02 20:55:40,0.99860000,235.72928,s,l
2025-04-02 20:55:40,0.99900000,58.70076,s,l
2025-04-02 20:55:40,0.99900000,58.70076,s,l
2025-04-02 20:55:41,0.99900000,58.70076,s,l
2025-04-02 20:55:41,0.99860000,58.70076,s,l
2025-04-02 21:05:33,0.99910000,4.13707,b,l
2025-04-02 21:05:33,0.99910000,1001.39831,b,l
2025-04-02 21:27:24,0.99910000,1003.85737,b,l
2025-04-02 21:27:24,0.99860000,1003.24802,s,l
2025-04-02 21:31:54,0.99700000,72.90410,s,l
2025-04-02 23:28:09,0.99700000,152.33882,s,l
2025-04-02 23:28:09,0.99700000,373.63454,s,l
2025-04-03 04:23:49,1.00000000,5.00000,b,m
2025-04-03 05:47:46,1.00000000,25.54770,b,l
2025-04-03 05:56:12,1.00000000,10.45590,b,l
2025-04-03 10:06:49,0.99860000,42.98122,s,l
2025-04-03 10:12:44,0.99860000,749.47347,s,l
2025-04-03 10:12:45,0.99860000,5576.77283,s,l
2025-04-03 10:12:45,0.99860000,1937.19244,s,l
2025-04-03 10:12:45,0.99860000,10.53085,s,l
2025-04-03 10:12:45,0.99860000,342.28610,s,l
2025-04-03 10:12:45,0.99860000,634.07729,s,l
2025-04-03 10:12:46,0.99860000,230.54106,s,l
2025-04-03 10:12:46,0.99860000,35.03151,s,l
2025-04-03 10:12:46,0.99860000,35.04216,s,l
2025-04-03 10:12:46,0.99860000,35.05314,s,l
2025-04-03 10:12:46,0.99860000,35.06412,s,l
2025-04-03 10:12:46,0.99860000,25.43032,s,l
2025-04-03 12:44:01,0.99860000,8245.34640,s,l
2025-04-03 13:34:24,0.99860000,9.44650,s,l
2025-04-03 14:48:26,0.99860000,5.00000,s,l
2025-04-04 12:30:03,0.99860000,19919.66160,s,l
2025-04-04 12:30:05,0.99860000,80.33831,s,l
2025-04-04 12:30:22,0.99860000,446.17074,s,l
2025-04-04 12:30:22,0.99860000,9387.31165,s,l
2025-04-04 12:30:24,0.99860000,165.34221,s,l
2025-04-04 12:30:26,0.99860000,61.06114,s,l
2025-04-04 12:30:38,0.99860000,143.79170,s,l
2025-04-04 15:15:30,0.99860000,6.69721,s,l
2025-04-04 16:33:20,0.99860000,16.53770,s,l
2025-04-04 16:36:15,0.99860000,16.61944,s,l
2025-04-04 17:35:19,0.99860000,6.69648,s,l
2025-04-04 17:49:41,0.99860000,6.77016,s,l
2025-04-05 01:06:29,0.99860000,16.81250,s,l
2025-04-05 16:26:30,0.99900000,35.09747,b,l
2025-04-05 16:26:30,0.99910000,76.30673,b,l
2025-04-05 23:53:58,0.99860000,328.47537,s,l
2025-04-06 11:23:02,0.99910000,25.54080,b,l
2025-04-06 12:15:58,0.99860000,25.54420,s,l
2025-04-06 14:30:29,0.99860000,109.20910,s,l
2025-04-06 17:56:04,0.99910000,5.00000,b,m
2025-04-06 19:14:18,0.99860000,6.33973,s,l
2025-04-06 19:15:52,0.99860000,6.35159,s,l
2025-04-06 20:10:05,0.99860000,100.43901,s,l
2025-04-06 20:10:05,0.99860000,100.65939,s,l
2025-04-06 20:39:06,0.99860000,974.05033,s,l
2025-04-06 20:39:06,0.99860000,978.56742,s,l
2025-04-06 20:39:07,0.99860000,979.65067,s,l
2025-04-06 20:39:07,0.99860000,980.72179,s,l
2025-04-06 20:39:07,0.99860000,981.79205,s,l
2025-04-06 20:39:07,0.99860000,982.87648,s,l
2025-04-06 20:39:07,0.99860000,1066.41658,s,l
2025-04-06 20:39:07,0.99860000,945.16112,s,l
2025-04-06 21:13:28,0.99860000,25.94096,s,l
2025-04-06 21:13:28,0.99860000,25.88008,s,l
2025-04-06 21:13:30,0.99860000,6.35589,s,l
2025-04-06 21:15:49,0.99860000,6.36646,s,l
2025-04-06 21:21:33,0.99860000,6.37812,s,l
2025-04-06 21:35:54,0.99700000,1.88284,s,l
2025-04-06 21:35:54,0.99600000,10.11203,s,l
2025-04-07 02:49:39,0.99910000,5.00000,b,m
2025-04-07 03:20:25,0.99860000,100.97956,s,l
2025-04-07 03:22:34,0.99860000,275.13956,s,l
2025-04-07 03:23:08,0.99860000,275.14191,s,l
2025-04-07 03:23:26,0.99860000,275.14191,s,l
2025-04-07 03:23:27,0.99860000,275.17326,s,l
2025-04-07 03:23:41,0.99860000,273.11232,s,l
2025-04-07 03:23:41,0.99860000,274.26895,s,l
2025-04-07 03:23:41,0.99860000,269.25923,s,l
2025-04-07 04:32:51,0.99860000,7.91499,s,l
2025-04-07 06:42:19,0.99860000,288.51114,s,l
2025-04-07 06:54:16,0.99910000,4.75450,b,l
2025-04-07 07:29:45,0.99910000,305.14356,b,l
2025-04-07 07:29:45,0.99910000,305.81255,b,l
2025-04-07 07:29:45,0.99910000,306.48346,b,l
2025-04-07 07:29:45,0.99910000,307.15587,b,l
2025-04-07 07:29:45,0.99910000,307.82979,b,l
2025-04-07 07:29:45,0.99910000,308.50521,b,l
2025-04-07 07:29:45,0.99910000,309.18212,b,l
2025-04-07 07:29:45,0.99910000,309.86057,b,l
2025-04-07 07:29:45,0.99910000,45.80296,b,l
2025-04-07 08:19:32,0.99860000,311.45124,s,l
2025-04-07 08:19:32,0.99860000,311.45124,s,l
2025-04-07 08:19:40,0.99860000,528.93150,s,l
2025-04-07 08:19:42,0.99860000,529.83736,s,l
2025-04-07 08:19:44,0.99860000,694.65873,s,l
2025-04-07 08:19:48,0.99860000,276.01631,s,l
2025-04-07 08:21:15,0.99860000,6.08373,s,l
2025-04-07 08:41:21,0.99860000,25.54430,s,l
2025-04-07 08:43:02,0.99910000,11.34349,b,l
2025-04-07 08:43:02,0.99910000,11.36163,b,l
2025-04-07 08:43:02,0.99910000,11.36522,b,l
2025-04-07 08:43:02,0.99910000,11.36871,b,l
2025-04-07 08:43:02,0.99910000,11.37220,b,l
2025-04-07 08:43:02,0.99910000,11.37569,b,l
2025-04-07 08:43:02,0.99910000,11.37918,b,l
2025-04-07 08:43:02,0.99910000,11.38277,b,l
2025-04-07 08:43:02,0.99910000,11.38626,b,l
2025-04-07 08:43:02,0.99910000,11.38974,b,l
2025-04-07 08:43:03,0.99910000,11.39323,b,l
2025-04-07 08:43:03,0.99910000,11.39672,b,l
2025-04-07 08:43:03,0.99910000,11.40021,b,l
2025-04-07 08:43:03,0.99910000,11.40390,b,l
2025-04-07 08:43:03,0.99910000,11.40739,b,l
2025-04-07 08:43:03,0.99910000,11.41088,b,l
2025-04-07 11:10:57,0.99860000,293.66260,s,l
2025-04-07 14:14:29,0.99860000,221.81084,s,l
2025-04-07 14:14:34,0.99860000,155.95290,s,l
2025-04-07 15:30:47,0.99860000,5.05515,s,l
2025-04-07 17:05:32,0.99910000,103.39480,b,l
2025-04-07 19:22:20,0.99910000,25.13160,b,l
2025-04-07 19:41:13,0.99860000,5.00000,s,m
2025-04-07 19:41:14,0.99860000,5.00000,s,m
2025-04-07 22:54:41,0.99860000,75.81287,s,l
2025-04-07 22:54:41,0.99860000,789.75590,s,l
2025-04-07 22:54:41,0.99860000,789.91480,s,l
2025-04-07 22:54:41,0.99860000,790.07205,s,l
2025-04-07 22:54:42,0.99860000,790.22941,s,l
2025-04-07 22:54:42,0.99860000,790.38973,s,l
2025-04-07 22:54:42,0.99860000,790.57482,s,l
2025-04-07 22:54:42,0.99860000,790.75992,s,l
2025-04-07 22:54:42,0.99860000,790.94511,s,l
2025-04-07 22:54:42,0.99860000,791.13020,s,l
2025-04-07 22:54:42,0.99860000,791.31539,s,l
2025-04-07 22:54:42,0.99860000,791.50058,s,l
2025-04-07 22:54:42,0.99860000,791.68597,s,l
2025-04-07 22:54:43,0.99860000,791.87126,s,l
2025-04-07 22:54:43,0.99860000,792.05666,s,l
2025-04-07 22:54:43,0.99860000,792.24205,s,l
2025-04-07 22:54:43,0.99860000,792.42754,s,l
2025-04-07 22:54:44,0.99860000,792.61303,s,l
2025-04-07 22:54:44,0.99860000,792.79862,s,l
2025-04-07 22:54:44,0.99860000,792.97130,s,l
2025-04-07 22:54:44,0.99860000,793.15693,s,l
2025-04-07 22:54:45,0.99860000,793.34581,s,l
2025-04-07 22:54:45,0.99860000,793.52232,s,l
2025-04-07 22:54:45,0.99860000,793.69893,s,l
2025-04-07 22:54:45,0.99860000,793.87554,s,l
2025-04-07 22:54:46,0.99860000,528.51437,s,l
2025-04-07 22:54:46,0.99860000,221.00000,s,l
2025-04-07 22:54:46,0.99860000,44.53778,s,l
2025-04-07 22:54:46,0.99860000,111.46222,s,l
2025-04-07 22:54:46,0.99860000,5.00000,s,l
2025-04-07 22:54:46,0.99860000,9.99999,s,l
2025-04-07 23:00:10,0.99860000,9564.00000,s,l
2025-04-07 23:00:10,0.99860000,10436.00000,s,l
2025-04-07 23:00:46,0.99860000,708.12585,s,l
2025-04-07 23:00:46,0.99860000,708.26553,s,l
2025-04-07 23:00:46,0.99860000,708.41624,s,l
2025-04-07 23:00:46,0.99860000,708.54777,s,l
2025-04-07 23:00:46,0.99860000,708.69557,s,l
2025-04-07 23:00:46,0.99860000,708.84349,s,l
2025-04-07 23:00:46,0.99860000,708.99116,s,l
2025-04-07 23:00:46,0.99860000,709.13896,s,l
2025-04-07 23:00:46,0.99860000,709.28688,s,l
2025-04-07 23:00:46,0.99860000,709.43493,s,l
2025-04-07 23:00:46,0.99860000,709.55282,s,l
2025-04-07 23:00:46,0.99860000,709.65982,s,l
2025-04-07 23:00:46,0.99860000,709.76682,s,l
2025-04-07 23:00:47,0.99860000,709.87382,s,l
2025-04-07 23:00:47,0.99860000,709.98082,s,l
2025-04-07 23:00:47,0.99860000,710.08770,s,l
2025-04-07 23:00:47,0.99860000,710.19470,s,l
2025-04-07 23:00:47,0.99860000,710.30170,s,l
2025-04-07 23:00:47,0.99860000,710.37896,s,l
2025-04-07 23:00:49,0.99860000,710.43190,s,l
2025-04-07 23:00:49,0.99860000,710.57194,s,l
2025-04-07 23:00:49,0.99860000,710.72838,s,l
2025-04-07 23:00:49,0.99860000,710.88495,s,l
2025-04-07 23:00:49,0.99860000,711.04139,s,l
2025-04-07 23:00:49,0.99860000,711.19795,s,l
2025-04-07 23:00:49,0.99860000,711.32987,s,l
2025-04-07 23:00:49,0.99860000,711.46178,s,l
2025-04-07 23:00:49,0.99860000,711.59369,s,l
2025-04-07 23:00:49,0.99860000,123.21460,s,l
2025-04-07 23:00:58,0.99860000,711.72121,s,l
2025-04-07 23:00:58,0.99860000,711.86405,s,l
2025-04-07 23:00:58,0.99860000,712.02900,s,l
2025-04-07 23:00:58,0.99860000,712.19396,s,l
2025-04-07 23:00:58,0.99860000,712.35917,s,l
2025-04-07 23:00:58,0.99860000,712.51619,s,l
2025-04-07 23:00:58,0.99860000,712.65394,s,l
2025-04-07 23:00:58,0.99860000,712.78611,s,l
2025-04-07 23:00:58,0.99860000,712.91815,s,l
2025-04-07 23:00:58,0.99860000,713.05031,s,l
2025-04-07 23:00:59,0.99860000,713.19081,s,l
2025-04-07 23:00:59,0.99860000,713.35068,s,l
2025-04-07 23:00:59,0.99860000,713.51614,s,l
2025-04-07 23:00:59,0.99860000,713.68148,s,l
2025-04-07 23:01:00,0.99860000,713.84695,s,l
2025-04-07 23:01:00,0.99860000,713.98752,s,l
2025-04-07 23:01:00,0.99860000,714.08398,s,l
2025-04-07 23:01:01,0.99860000,714.17525,s,l
2025-04-07 23:01:01,0.99860000,714.31606,s,l
2025-04-07 23:01:01,0.99860000,714.47339,s,l
2025-04-07 23:01:01,0.99860000,714.63072,s,l
2025-04-07 23:01:01,0.99860000,714.78805,s,l
2025-04-07 23:01:01,0.99860000,714.94550,s,l
2025-04-07 23:01:01,0.99860000,715.06966,s,l
2025-04-07 23:01:01,0.99860000,715.19407,s,l
2025-04-07 23:01:01,0.99860000,715.31836,s,l
2025-04-07 23:01:01,0.99860000,715.44278,s,l
2025-04-07 23:01:01,0.99860000,715.56732,s,l
2025-04-07 23:01:01,0.99860000,16.32919,s,l
2025-04-07 23:01:09,0.99860000,715.69681,s,l
2025-04-07 23:01:09,0.99860000,715.85224,s,l
2025-04-07 23:01:09,0.99860000,716.00982,s,l
2025-04-07 23:01:09,0.99860000,716.16753,s,l
2025-04-07 23:01:09,0.99860000,716.32524,s,l
2025-04-07 23:01:09,0.99860000,716.48308,s,l
2025-04-07 23:01:09,0.99860000,716.60749,s,l
2025-04-07 23:01:09,0.99860000,716.73203,s,l
2025-04-07 23:01:11,0.99860000,716.85657,s,l
2025-04-07 23:01:11,0.99860000,717.00628,s,l
2025-04-07 23:01:11,0.99860000,717.15585,s,l
2025-04-07 23:01:12,0.99860000,717.30543,s,l
2025-04-07 23:01:12,0.99860000,717.45513,s,l
2025-04-07 23:01:12,0.99860000,717.60496,s,l
2025-04-07 23:01:12,0.99860000,717.75479,s,l
2025-04-07 23:01:12,0.99860000,717.90437,s,l
2025-04-07 23:01:12,0.99860000,718.05407,s,l
2025-04-07 23:01:13,0.99860000,718.20391,s,l
2025-04-07 23:01:13,0.99860000,718.35374,s,l
2025-04-07 23:01:13,0.99860000,718.50369,s,l
2025-04-07 23:01:13,0.99860000,718.65378,s,l
2025-04-07 23:01:13,0.99860000,718.80374,s,l
2025-04-07 23:01:13,0.99860000,718.95369,s,l
2025-04-07 23:01:14,0.99860000,719.10378,s,l
2025-04-07 23:01:14,0.99860000,719.25374,s,l
2025-04-07 23:01:14,0.99860000,719.40382,s,l
2025-04-07 23:01:14,0.99860000,719.55391,s,l
2025-04-07 23:01:14,0.99860000,624.24050,s,l
2025-04-08 01:42:22,1.00000000,4.85630,b,l
2025-04-08 02:02:55,0.99620000,2.37720,s,l
2025-04-08 06:45:22,0.99630000,102.47250,s,l
2025-04-08 07:33:03,0.99900000,529.36929,s,l
2025-04-08 19:36:23,0.99860000,5.25356,s,l
2025-04-08 22:05:37,0.99900000,199.15281,b,l
2025-04-09 02:00:38,0.99860000,534.67428,s,l
2025-04-09 02:44:09,0.99900000,869.88378,b,l
2025-04-09 10:35:05,0.99860000,21.92229,s,l
2025-04-09 13:32:21,0.99860000,6.19679,s,l
2025-04-09 15:21:56,0.99900000,105.32100,b,l
2025-04-09 17:00:38,0.99900000,33.99879,b,l
2025-04-09 18:22:32,0.99850000,104.27820,s,l
2025-04-09 20:04:45,0.99860000,25.13160,s,l
2025-04-10 09:34:10,0.99850000,191.10165,s,l
2025-04-10 09:34:10,0.99850000,118.60447,s,l
2025-04-10 12:29:36,0.99850000,0.22699,s,l
2025-04-10 12:29:36,0.99800000,24.43738,s,l
2025-04-10 12:29:36,0.99800000,25.09887,s,l
2025-04-10 12:29:36,0.99800000,65.87649,s,l
2025-04-10 12:29:36,0.99800000,65.94945,s,l
2025-04-10 12:29:36,0.99800000,66.02241,s,l
2025-04-10 12:29:36,0.99800000,66.07242,s,l
2025-04-10 12:29:36,0.99800000,49.91500,s,l
2025-04-10 13:37:57,0.99800000,50.94735,s,l
2025-04-10 15:42:56,0.99900000,5.00000,b,m
2025-04-11 01:24:54,0.99900000,103.51492,b,l
2025-04-11 01:24:54,0.99900000,103.53555,b,l
2025-04-11 01:24:54,0.99900000,103.55617,b,l
2025-04-11 01:24:54,0.99900000,103.57679,b,l
2025-04-11 01:24:54,0.99900000,103.59742,b,l
2025-04-11 01:24:54,0.99900000,103.61804,b,l
2025-04-11 01:24:54,0.99900000,103.63867,b,l
2025-04-11 01:24:54,0.99900000,103.65929,b,l
2025-04-11 01:24:54,0.99900000,103.67992,b,l
2025-04-11 01:24:54,0.99900000,103.70054,b,l
2025-04-11 01:24:54,0.99900000,103.72117,b,l
2025-04-11 01:24:54,0.99900000,103.74179,b,l
2025-04-11 01:24:54,0.99900000,103.76242,b,l
2025-04-11 01:24:54,0.99900000,103.78315,b,l
2025-04-11 01:24:54,0.99900000,103.80378,b,l
2025-04-11 01:24:55,0.99900000,103.82440,b,l
2025-04-11 01:24:55,0.99900000,103.84514,b,l
2025-04-11 01:24:55,0.99900000,103.86588,b,l
2025-04-11 01:24:55,0.99900000,103.88650,b,l
2025-04-11 01:24:55,0.99900000,103.90724,b,l
2025-04-11 01:24:55,0.99900000,103.92798,b,l
2025-04-11 01:24:55,0.99900000,103.94872,b,l
2025-04-11 01:24:55,0.99900000,103.96945,b,l
2025-04-11 01:24:55,0.99900000,103.99019,b,l
2025-04-11 01:24:55,0.99900000,104.01093,b,l
2025-04-11 01:24:55,0.99900000,104.03167,b,l
2025-04-11 01:24:55,0.99900000,104.05240,b,l
2025-04-11 01:24:55,0.99900000,104.07314,b,l
2025-04-11 01:24:55,0.99900000,104.09399,b,l
2025-04-11 01:24:55,0.99900000,104.11473,b,l
2025-04-11 01:24:55,0.99900000,104.13547,b,l
2025-04-11 01:24:55,0.99900000,104.15632,b,l
2025-04-11 01:24:55,0.99900000,104.17717,b,l
2025-04-11 01:24:55,0.99900000,104.19790,b,l
2025-04-11 01:24:55,0.99900000,104.21864,b,l
2025-04-11 01:24:55,0.99900000,104.23949,b,l
2025-04-11 01:24:55,0.99900000,104.26034,b,l
2025-04-11 01:24:55,0.99900000,104.28108,b,l
2025-04-11 01:24:55,0.99900000,104.30193,b,l
2025-04-11 01:24:55,0.99900000,104.32278,b,l
2025-04-11 01:24:55,0.99900000,104.34363,b,l
2025-04-11 01:24:55,0.99900000,104.36448,b,l
2025-04-11 01:24:55,0.99900000,104.38533,b,l
2025-04-11 01:24:55,0.99900000,104.40618,b,l
2025-04-11 01:24:55,0.99900000,104.42714,b,l
2025-04-11 01:24:55,0.99900000,104.44799,b,l
2025-04-11 01:24:55,0.99900000,104.46884,b,l
2025-04-11 01:24:55,0.99900000,104.48981,b,l
2025-04-11 01:24:55,0.99900000,104.51066,b,l
2025-04-11 01:24:55,0.99900000,104.53243,b,l
2025-04-11 01:24:55,0.99900000,104.55430,b,l
2025-04-11 01:24:55,0.99900000,104.57616,b,l
2025-04-11 01:24:55,0.99900000,104.59802,b,l
2025-04-11 01:24:55,0.99900000,104.61978,b,l
2025-04-11 01:24:55,0.99900000,104.64164,b,l
2025-04-11 01:24:55,0.99900000,104.66339,b,l
2025-04-11 01:24:55,0.99900000,104.68515,b,l
2025-04-11 01:24:55,0.99900000,104.70690,b,l
2025-04-11 01:24:55,0.99900000,104.72865,b,l
2025-04-11 01:24:55,0.99900000,104.75040,b,l
2025-04-11 01:24:55,0.99900000,104.77227,b,l
2025-04-11 01:24:55,0.99900000,104.79402,b,l
2025-04-11 01:24:55,0.99900000,104.81577,b,l
2025-04-11 01:24:55,0.99900000,104.83752,b,l
2025-04-11 01:24:55,0.99900000,104.85939,b,l
2025-04-11 01:24:55,0.99900000,104.88125,b,l
2025-04-11 01:24:55,0.99900000,104.90300,b,l
2025-04-11 01:24:55,0.99900000,104.92487,b,l
2025-04-11 01:24:55,0.99900000,104.94673,b,l
2025-04-11 01:24:55,0.99900000,104.96860,b,l
2025-04-11 01:24:55,0.99900000,104.99035,b,l
2025-04-11 01:24:55,0.99900000,105.01221,b,l
2025-04-11 01:24:55,0.99900000,105.03408,b,l
2025-04-11 01:24:55,0.99900000,105.05594,b,l
2025-04-11 01:24:55,0.99900000,105.07792,b,l
2025-04-11 01:24:55,0.99900000,105.09979,b,l
2025-04-11 01:24:55,0.99900000,105.12165,b,l
2025-04-11 01:24:55,0.99900000,105.14351,b,l
2025-04-11 01:24:55,0.99900000,105.16549,b,l
2025-04-11 01:24:55,0.99900000,105.18736,b,l
2025-04-11 01:24:55,0.99900000,105.20922,b,l
2025-04-11 01:24:55,0.99900000,105.23120,b,l
2025-04-11 01:24:55,0.99900000,105.25318,b,l
2025-04-11 01:24:55,0.99900000,105.27515,b,l
2025-04-11 01:24:55,0.99900000,105.29702,b,l
2025-04-11 01:24:55,0.99900000,105.31900,b,l
2025-04-11 01:24:55,0.99900000,105.34097,b,l
2025-04-11 01:24:55,0.99900000,105.36295,b,l
2025-04-11 01:24:55,0.99900000,105.38482,b,l
2025-04-11 01:24:55,0.99900000,105.40679,b,l
2025-04-11 01:24:55,0.99900000,105.42877,b,l
2025-04-11 01:24:55,0.99900000,105.45075,b,l
2025-04-11 01:24:55,0.99900000,105.47284,b,l
2025-04-11 01:24:55,0.99900000,105.49481,b,l
2025-04-11 01:24:55,0.99900000,105.51679,b,l
2025-04-11 01:24:55,0.99900000,105.53877,b,l
2025-04-11 01:24:55,0.99900000,105.56086,b,l
2025-04-11 01:24:55,0.99900000,105.58284,b,l
2025-04-11 01:24:55,0.99900000,105.60481,b,l
2025-04-11 01:24:55,0.99900000,105.62690,b,l
2025-04-11 01:24:55,0.99900000,105.64899,b,l
2025-04-11 01:24:55,0.99900000,105.67108,b,l
2025-04-11 01:24:55,0.99900000,105.69306,b,l
2025-04-11 01:24:55,0.99900000,105.71515,b,l
2025-04-11 01:24:55,0.99900000,105.73724,b,l
2025-04-11 01:24:55,0.99900000,105.75933,b,l
2025-04-11 01:24:55,0.99900000,105.78049,b,l
2025-04-11 01:24:55,0.99900000,105.80156,b,l
2025-04-11 01:24:55,0.99900000,105.82264,b,l
2025-04-11 01:24:55,0.99900000,105.84371,b,l
2025-04-11 01:24:55,0.99900000,105.86479,b,l
2025-04-11 01:24:55,0.99900000,105.88586,b,l
2025-04-11 01:24:55,0.99900000,105.90694,b,l
2025-04-11 01:24:55,0.99900000,105.92802,b,l
2025-04-11 01:24:55,0.99900000,105.94920,b,l
2025-04-11 01:24:55,0.99900000,105.97028,b,l
2025-04-11 01:24:55,0.99900000,105.99136,b,l
2025-04-11 01:24:55,0.99900000,106.01254,b,l
2025-04-11 01:24:55,0.99900000,106.03373,b,l
2025-04-11 01:24:55,0.99900000,106.05481,b,l
2025-04-11 01:24:55,0.99900000,106.07600,b,l
2025-04-11 01:24:55,0.99900000,106.09718,b,l
2025-04-11 01:24:55,0.99900000,106.11837,b,l
2025-04-11 01:24:55,0.99900000,106.13945,b,l
2025-04-11 01:24:55,0.99900000,106.16064,b,l
2025-04-11 01:24:55,0.99900000,106.18182,b,l
2025-04-11 01:24:55,0.99900000,106.20301,b,l
2025-04-11 01:24:55,0.99900000,106.22420,b,l
2025-04-11 01:24:56,0.99900000,106.24539,b,l
2025-04-11 01:24:56,0.99900000,106.26658,b,l
2025-04-11 01:24:56,0.99900000,106.28788,b,l
2025-04-11 01:24:56,0.99900000,106.30907,b,l
2025-04-11 01:24:56,0.99900000,106.33025,b,l
2025-04-11 01:24:56,0.99900000,106.35144,b,l
2025-04-11 01:24:56,0.99900000,106.37274,b,l
2025-04-11 01:24:56,0.99900000,106.39393,b,l
2025-04-11 01:24:56,0.99900000,106.41512,b,l
2025-04-11 01:24:56,0.99900000,106.43642,b,l
2025-04-11 01:24:56,0.99900000,106.45772,b,l
2025-04-11 01:24:56,0.99900000,106.47891,b,l
2025-04-11 01:24:57,0.99900000,106.50210,b,l
2025-04-11 01:24:57,0.99900000,106.52531,b,l
2025-04-11 01:24:57,0.99900000,106.54853,b,l
2025-04-11 01:24:57,0.99900000,106.57164,b,l
2025-04-11 01:24:57,0.99900000,106.59474,b,l
2025-04-11 01:24:57,0.99900000,106.61796,b,l
2025-04-11 01:24:57,0.99900000,106.64117,b,l
2025-04-11 01:24:57,0.99900000,106.66439,b,l
2025-04-11 01:24:57,0.99900000,106.68761,b,l
2025-04-11 01:24:57,0.99900000,106.71071,b,l
2025-04-11 01:24:57,0.99900000,106.73393,b,l
2025-04-11 01:24:57,0.99900000,106.75715,b,l
2025-04-11 01:24:57,0.99900000,106.78037,b,l
2025-04-11 01:24:57,0.99900000,106.80358,b,l
2025-04-11 01:24:57,0.99900000,106.82691,b,l
2025-04-11 01:24:57,0.99900000,106.85013,b,l
2025-04-11 01:24:57,0.99900000,106.87335,b,l
2025-04-11 01:24:57,0.99900000,106.89657,b,l
2025-04-11 01:24:57,0.99900000,106.91990,b,l
2025-04-11 01:24:57,0.99900000,106.94311,b,l
2025-04-11 01:24:57,0.99900000,106.96622,b,l
2025-04-11 01:24:57,0.99900000,106.98932,b,l
2025-04-11 01:24:57,0.99900000,107.01254,b,l
2025-04-11 01:24:57,0.99900000,107.03576,b,l
2025-04-11 01:24:57,0.99900000,107.05897,b,l
2025-04-11 01:24:57,0.99900000,107.08219,b,l
2025-04-11 01:24:57,0.99900000,107.10541,b,l
2025-04-11 01:24:57,0.99900000,107.12863,b,l
2025-04-11 01:24:57,0.99900000,107.15184,b,l
2025-04-11 01:24:57,0.99900000,107.17506,b,l
2025-04-11 01:24:57,0.99900000,107.19839,b,l
2025-04-11 01:24:57,0.99900000,107.22172,b,l
2025-04-11 01:24:57,0.99900000,107.24494,b,l
2025-04-11 01:24:57,0.99900000,107.26816,b,l
2025-04-11 01:24:57,0.99900000,107.29149,b,l
2025-04-11 01:24:57,0.99900000,107.31482,b,l
2025-04-11 01:24:57,0.99900000,107.33815,b,l
2025-04-11 01:24:57,0.99900000,107.36148,b,l
2025-04-11 01:24:57,0.99900000,107.38469,b,l
2025-04-11 01:24:57,0.99900000,107.40802,b,l
2025-04-11 01:24:57,0.99900000,107.43135,b,l
2025-04-11 01:24:57,0.99900000,107.45468,b,l
2025-04-11 01:24:57,0.99900000,107.47801,b,l
2025-04-11 01:24:57,0.99900000,107.50134,b,l
2025-04-11 01:24:57,0.99900000,107.52467,b,l
2025-04-11 01:24:57,0.99900000,107.54800,b,l
2025-04-11 01:24:57,0.99900000,107.57133,b,l
2025-04-11 01:24:57,0.99900000,107.59478,b,l
2025-04-11 01:24:58,0.99900000,107.61822,b,l
2025-04-11 01:24:58,0.99900000,55.89961,b,l
2025-04-11 01:24:58,0.99900000,55.89961,b,l
2025-04-11 01:42:41,0.99900000,702.74509,b,l
2025-04-11 01:42:41,0.99900000,702.86872,b,l
2025-04-11 01:42:41,0.99900000,35.72859,b,l
2025-04-11 01:42:41,0.99900000,870.84507,b,l
2025-04-11 01:42:41,0.99900000,871.68424,b,l
2025-04-11 01:42:41,0.99900000,871.86539,b,l
2025-04-11 01:42:41,0.99900000,872.04416,b,l
2025-04-11 01:42:41,0.99900000,872.22282,b,l
2025-04-11 01:42:41,0.99900000,872.40158,b,l
2025-04-11 01:42:41,0.99900000,872.58014,b,l
2025-04-11 01:42:41,0.99900000,35.72859,b,l
2025-04-11 01:42:42,0.99900000,872.75222,b,l
2025-04-11 01:42:42,0.99900000,872.93727,b,l
2025-04-11 01:42:42,0.99900000,873.11623,b,l
2025-04-11 01:42:42,0.99900000,873.29519,b,l
2025-04-11 01:42:42,0.99900000,873.47415,b,l
2025-04-11 01:42:42,0.99900000,873.65311,b,l
2025-04-11 01:42:42,0.99900000,873.83207,b,l
2025-04-11 01:42:42,0.99900000,874.01113,b,l
2025-04-11 01:42:42,0.99900000,874.19019,b,l
2025-04-11 01:42:42,0.99900000,874.36935,b,l
2025-04-11 01:42:42,0.99900000,874.54861,b,l
2025-04-11 01:42:42,0.99900000,874.72777,b,l
2025-04-11 01:42:42,0.99900000,874.90713,b,l
2025-04-11 01:42:42,0.99900000,875.08649,b,l
2025-04-11 01:42:42,0.99900000,875.26565,b,l
2025-04-11 07:36:19,0.99800000,0.09946,s,l
2025-04-11 07:36:19,0.99600000,16.17544,s,l
2025-04-11 08:06:31,0.99900000,22.00400,b,l
2025-04-11 10:29:22,0.99900000,10.10000,b,l
2025-04-11 15:55:13,0.99860000,527.15584,s,l
2025-04-11 15:55:13,0.99860000,527.20932,s,l
2025-04-11 15:55:13,0.99860000,527.26280,s,l
2025-04-11 15:55:13,0.99860000,527.31617,s,l
2025-04-11 15:55:13,0.99860000,527.36955,s,l
2025-04-11 15:55:13,0.99860000,527.42283,s,l
2025-04-11 15:55:13,0.99860000,527.47621,s,l
2025-04-11 15:55:13,0.99860000,527.52958,s,l
2025-04-11 15:55:13,0.99860000,527.58296,s,l
2025-04-11 15:55:13,0.99860000,527.63634,s,l
2025-04-11 15:55:13,0.99860000,527.68971,s,l
2025-04-11 15:55:13,0.99860000,527.74309,s,l
2025-04-11 15:55:13,0.99860000,527.79647,s,l
2025-04-11 15:55:13,0.99860000,527.85004,s,l
2025-04-11 15:55:13,0.99860000,527.90352,s,l
2025-04-11 15:55:13,0.99860000,527.95710,s,l
2025-04-11 15:55:13,0.99860000,528.01067,s,l
2025-04-11 15:55:13,0.99860000,528.06425,s,l
2025-04-11 15:55:13,0.99860000,528.11782,s,l
2025-04-11 15:55:13,0.99860000,528.17140,s,l
2025-04-11 15:55:13,0.99860000,528.22508,s,l
2025-04-11 15:55:13,0.99860000,528.27875,s,l
2025-04-11 15:55:13,0.99860000,528.33233,s,l
2025-04-11 15:55:13,0.99860000,528.38591,s,l
2025-04-11 15:55:18,0.99860000,539.01509,s,l
2025-04-11 15:55:18,0.99860000,539.15507,s,l
2025-04-11 15:55:18,0.99860000,539.33722,s,l
2025-04-11 15:55:18,0.99860000,539.49653,s,l
2025-04-11 15:55:18,0.99860000,539.60292,s,l
2025-04-11 15:55:18,0.99860000,539.70943,s,l
2025-04-11 15:55:18,0.99860000,539.85336,s,l
2025-04-11 15:55:18,0.99860000,539.92765,s,l
2025-04-11 15:55:18,0.99860000,540.03416,s,l
2025-04-11 15:55:18,0.99860000,540.14067,s,l
2025-04-11 15:55:18,0.99860000,540.24729,s,l
2025-04-11 15:55:18,0.99860000,540.35402,s,l
2025-04-11 15:55:18,0.99860000,540.46064,s,l
2025-04-11 15:55:18,0.99860000,316.17820,s,l
2025-04-11 18:30:29,0.99860000,9.90100,s,l
2025-04-11 20:27:49,0.99900000,2.00180,b,l
2025-04-11 20:33:02,0.99900000,20.26208,b,m
2025-04-11 20:59:17,0.99900000,9995.32360,b,l
2025-04-11 20:59:17,0.99900000,31.10090,b,l
2025-04-11 20:59:17,0.99900000,31.10767,b,l
2025-04-11 20:59:17,0.99900000,46.62340,b,l
2025-04-11 20:59:17,0.99900000,31.11206,b,l
2025-04-11 20:59:17,0.99900000,31.12681,b,l
2025-04-11 20:59:17,0.99900000,31.14157,b,l
2025-04-11 20:59:17,0.99900000,31.15632,b,l
2025-04-11 20:59:17,0.99900000,31.17108,b,l
2025-04-11 20:59:17,0.99900000,31.18593,b,l
2025-04-11 20:59:17,0.99900000,31.20078,b,l
2025-04-11 20:59:17,0.99900000,31.21594,b,l
2025-04-11 20:59:17,0.99900000,31.23079,b,l
2025-04-11 20:59:17,0.99900000,31.24564,b,l
2025-04-11 20:59:17,0.99900000,31.26060,b,l
2025-04-11 20:59:17,0.99900000,31.27545,b,l
2025-04-11 20:59:17,0.99900000,31.29031,b,l
2025-04-11 20:59:17,0.99900000,31.30516,b,l
2025-04-11 20:59:17,0.99900000,31.32001,b,l
2025-04-11 20:59:17,0.99900000,31.33497,b,l
2025-04-11 20:59:17,0.99900000,31.34992,b,l
2025-04-11 20:59:18,0.99900000,31.36801,b,l
2025-04-11 20:59:18,0.99900000,31.38137,b,l
2025-04-11 20:59:18,0.99900000,31.39463,b,l
2025-04-11 20:59:18,0.99900000,31.40809,b,l
2025-04-11 20:59:18,0.99900000,31.42135,b,l
2025-04-11 20:59:18,0.99900000,31.43481,b,l
2025-04-11 20:59:18,0.99900000,31.44807,b,l
2025-04-11 20:59:18,0.99900000,31.46153,b,l
2025-04-11 20:59:18,0.99900000,31.47479,b,l
2025-04-11 20:59:18,0.99900000,31.48805,b,l
2025-04-11 20:59:18,0.99900000,31.50121,b,l
2025-04-11 20:59:18,0.99900000,31.51447,b,l
2025-04-11 20:59:18,0.99900000,46.45263,b,l
2025-04-11 20:59:18,0.99900000,46.46282,b,l
2025-04-11 20:59:18,0.99900000,46.47313,b,l
2025-04-11 20:59:18,0.99900000,46.48344,b,l
2025-04-11 20:59:18,0.99900000,46.49375,b,l
2025-04-11 20:59:18,0.99900000,46.50405,b,l
2025-04-11 20:59:18,0.99900000,46.51436,b,l
2025-04-11 20:59:18,0.99900000,46.52385,b,l
2025-04-11 20:59:18,0.99900000,46.53337,b,l
2025-04-11 20:59:18,0.99900000,46.54288,b,l
2025-04-11 20:59:18,0.99900000,46.55239,b,l
2025-04-11 20:59:18,0.99900000,46.56191,b,l
2025-04-11 20:59:18,0.99900000,46.57142,b,l
2025-04-11 20:59:18,0.99900000,46.58094,b,l
2025-04-11 20:59:18,0.99900000,46.59045,b,l
2025-04-11 20:59:18,0.99900000,46.59997,b,l
2025-04-11 20:59:18,0.99900000,46.60948,b,l
2025-04-11 20:59:18,0.99900000,46.61900,b,l
2025-04-11 20:59:18,0.99900000,46.62851,b,l
2025-04-11 20:59:18,0.99900000,46.63802,b,l
2025-04-11 20:59:18,0.99900000,46.64754,b,l
2025-04-11 20:59:18,0.99900000,46.65705,b,l
2025-04-11 20:59:18,0.99900000,46.66657,b,l
2025-04-11 20:59:18,0.99900000,46.67608,b,l
2025-04-11 20:59:18,0.99900000,46.68560,b,l
2025-04-11 20:59:18,0.99900000,46.69523,b,l
2025-04-11 20:59:18,0.99900000,46.70474,b,l
2025-04-11 20:59:18,0.99900000,46.71425,b,l
2025-04-11 20:59:18,0.99900000,46.72388,b,l
2025-04-11 20:59:18,0.99900000,46.73340,b,l
2025-04-11 20:59:18,0.99900000,46.74291,b,l
2025-04-11 20:59:18,0.99900000,46.75254,b,l
2025-04-11 20:59:18,0.99900000,46.76205,b,l
2025-04-11 20:59:18,0.99900000,46.77157,b,l
2025-04-11 20:59:18,0.99900000,46.78120,b,l
2025-04-11 20:59:18,0.99900000,46.79071,b,l
2025-04-11 20:59:18,0.99900000,46.80022,b,l
2025-04-11 20:59:18,0.99900000,46.80985,b,l
2025-04-11 20:59:18,0.99900000,46.81937,b,l
2025-04-11 20:59:18,0.99900000,46.82888,b,l
2025-04-11 20:59:18,0.99900000,46.83851,b,l
2025-04-11 20:59:18,0.99900000,46.84814,b,l
2025-04-11 20:59:18,0.99900000,46.85765,b,l
2025-04-11 20:59:18,0.99900000,46.86728,b,l
2025-04-11 20:59:18,0.99900000,46.87691,b,l
2025-04-11 20:59:18,0.99900000,46.88642,b,l
2025-04-11 20:59:18,0.99900000,46.89605,b,l
2025-04-11 20:59:18,0.99900000,46.90568,b,l
2025-04-11 20:59:18,0.99900000,46.91519,b,l
2025-04-11 20:59:18,0.99900000,46.92482,b,l
2025-04-11 20:59:18,0.99900000,46.93445,b,l
2025-04-11 20:59:18,0.99900000,46.94396,b,l
2025-04-11 20:59:18,0.99900000,46.95359,b,l
2025-04-11 20:59:18,0.99900000,46.96322,b,l
2025-04-11 20:59:18,0.99900000,46.97273,b,l
2025-04-11 20:59:18,0.99900000,46.98236,b,l
2025-04-11 20:59:18,0.99900000,46.99199,b,l
2025-04-11 20:59:18,0.99900000,47.00173,b,l
2025-04-11 20:59:18,0.99900000,47.01136,b,l
2025-04-11 20:59:18,0.99900000,47.02098,b,l
2025-04-11 20:59:18,0.99900000,47.03072,b,l
2025-04-11 20:59:18,0.99900000,47.04035,b,l
2025-04-11 20:59:18,0.99900000,47.04998,b,l
2025-04-11 20:59:18,0.99900000,47.05972,b,l
2025-04-11 20:59:18,0.99900000,47.06935,b,l
2025-04-11 20:59:18,0.99900000,47.07898,b,l
2025-04-11 20:59:18,0.99900000,47.08872,b,l
2025-04-11 20:59:18,0.99900000,47.09835,b,l
2025-04-11 20:59:18,0.99900000,47.10797,b,l
2025-04-11 20:59:18,0.99900000,47.11771,b,l
2025-04-11 20:59:18,0.99900000,47.12734,b,l
2025-04-11 20:59:18,0.99900000,47.13697,b,l
2025-04-11 20:59:18,0.99900000,47.14671,b,l
2025-04-11 20:59:18,0.99900000,47.15634,b,l
2025-04-11 20:59:18,0.99900000,47.16597,b,l
2025-04-11 20:59:18,0.99900000,47.17571,b,l
2025-04-11 20:59:18,0.99900000,47.18545,b,l
2025-04-11 20:59:18,0.99900000,47.19496,b,l
2025-04-11 20:59:18,0.99900000,47.20459,b,l
2025-04-11 20:59:18,0.99900000,47.21422,b,l
2025-04-11 20:59:18,0.99900000,47.22373,b,l
2025-04-11 20:59:18,0.99900000,47.23336,b,l
2025-04-11 20:59:18,0.99900000,47.24299,b,l
2025-04-11 20:59:18,0.99900000,47.25250,b,l
2025-04-11 20:59:18,0.99900000,47.26213,b,l
2025-04-11 20:59:18,0.99900000,47.27176,b,l
2025-04-11 20:59:18,0.99900000,47.28127,b,l
2025-04-11 20:59:18,0.99900000,47.29090,b,l
2025-04-11 20:59:18,0.99900000,47.30053,b,l
2025-04-11 20:59:18,0.99900000,47.31004,b,l
2025-04-11 20:59:19,0.99900000,47.31967,b,l
2025-04-11 20:59:19,0.99900000,47.32930,b,l
2025-04-11 20:59:19,0.99900000,47.33893,b,l
2025-04-11 20:59:19,0.99900000,47.34855,b,l
2025-04-11 20:59:19,0.99900000,47.35818,b,l
2025-04-11 20:59:19,0.99900000,47.36781,b,l
2025-04-11 20:59:19,0.99900000,47.37744,b,l
2025-04-11 20:59:19,0.99900000,47.38706,b,l
2025-04-11 20:59:19,0.99900000,47.39669,b,l
2025-04-11 20:59:19,0.99900000,47.40632,b,l
2025-04-11 20:59:19,0.99900000,47.41595,b,l
2025-04-11 20:59:19,0.99900000,47.42558,b,l
2025-04-11 20:59:19,0.99900000,47.43520,b,l
2025-04-11 20:59:19,0.99900000,47.44483,b,l
2025-04-11 20:59:19,0.99900000,47.45446,b,l
2025-04-11 20:59:19,0.99900000,47.46409,b,l
2025-04-11 20:59:19,0.99900000,47.47371,b,l
2025-04-11 20:59:19,0.99900000,47.48346,b,l
2025-04-11 20:59:19,0.99900000,47.49320,b,l
2025-04-11 20:59:19,0.99900000,47.50282,b,l
2025-04-11 20:59:19,0.99900000,47.51257,b,l
2025-04-11 20:59:19,0.99900000,47.52231,b,l
2025-04-11 20:59:19,0.99900000,47.53193,b,l
2025-04-11 20:59:19,0.99900000,47.54168,b,l
2025-04-11 20:59:19,0.99900000,47.55142,b,l
2025-04-11 20:59:19,0.99900000,47.56104,b,l
2025-04-11 20:59:19,0.99900000,47.57079,b,l
2025-04-11 20:59:19,0.99900000,30.45606,b,l
2025-04-11 20:59:19,0.99900000,47.38048,b,l
2025-04-11 20:59:19,0.99900000,77.79597,b,l
2025-04-11 21:17:01,0.99900000,5.00000,b,m
2025-04-12 01:49:09,0.99610000,5.00000,s,m
2025-04-12 05:35:32,0.99860000,8.26976,s,l
2025-04-12 06:25:00,0.99860000,370.40837,s,l
2025-04-12 06:25:00,0.99860000,577.79767,s,l
2025-04-12 06:25:00,0.99860000,578.42393,s,l
2025-04-12 06:25:00,0.99860000,579.06172,s,l
2025-04-12 06:25:00,0.99860000,265.22764,s,l
2025-04-12 11:29:39,0.99860000,5.00000,s,m
2025-04-13 01:35:50,0.99860000,20.26208,s,m
2025-04-13 19:44:58,0.99860000,20.95775,s,l
2025-04-13 19:45:12,0.99860000,119.25479,s,m
2025-04-13 20:00:25,0.99860000,613.55495,s,l
2025-04-13 20:00:25,0.99860000,614.08306,s,l
2025-04-13 20:00:25,0.99860000,614.20787,s,l
2025-04-13 20:00:25,0.99860000,614.33280,s,l
2025-04-13 20:00:25,0.99860000,614.45772,s,l
2025-04-13 20:00:25,0.99860000,614.58264,s,l
2025-04-13 20:00:25,0.99860000,614.70768,s,l
2025-04-13 20:00:25,0.99860000,614.83260,s,l
2025-04-13 20:00:25,0.99860000,614.95764,s,l
2025-04-13 20:00:25,0.99860000,615.08268,s,l
2025-04-13 20:00:25,0.99860000,615.20783,s,l
2025-04-13 20:00:25,0.99860000,615.33298,s,l
2025-04-13 20:00:25,0.99860000,615.45813,s,l
2025-04-13 20:00:25,0.99860000,615.58328,s,l
2025-04-13 20:00:25,0.99860000,615.70843,s,l
2025-04-13 20:00:25,0.99860000,615.83369,s,l
2025-04-13 20:00:25,0.99860000,161.31701,s,l
2025-04-13 20:00:30,0.99860000,10.01457,s,l
2025-04-13 20:00:30,0.99860000,10.01779,s,l
2025-04-13 20:00:30,0.99860000,616.04426,s,l
2025-04-13 20:00:30,0.99860000,616.18450,s,l
2025-04-13 20:00:30,0.99860000,616.31485,s,l
2025-04-13 20:00:30,0.99860000,616.44508,s,l
2025-04-13 20:00:30,0.99860000,616.57543,s,l
2025-04-13 20:00:30,0.99860000,616.70578,s,l
2025-04-13 20:00:30,0.99860000,616.83625,s,l
2025-04-13 20:00:30,0.99860000,616.96671,s,l
2025-04-13 20:00:30,0.99860000,617.09706,s,l
2025-04-13 20:00:31,0.99860000,617.22753,s,l
2025-04-13 20:00:31,0.99860000,617.35799,s,l
2025-04-13 20:00:31,0.99860000,617.48845,s,l
2025-04-13 20:00:31,0.99860000,617.61903,s,l
2025-04-13 20:00:31,0.99860000,617.74961,s,l
2025-04-13 20:00:31,0.99860000,311.89737,s,l
2025-04-13 20:00:35,0.99860000,10.01494,s,l
2025-04-13 20:00:35,0.99860000,10.01494,s,l
2025-04-13 20:00:35,0.99860000,617.95367,s,l
2025-04-13 20:00:35,0.99860000,233.75858,s,l
2025-04-13 20:00:35,0.99860000,20.00000,s,l
2025-04-13 20:00:35,0.99860000,21.00000,s,l
2025-04-13 20:00:35,0.99860000,118.99999,s,l
2025-04-13 20:00:46,0.99860000,9984.26565,s,l
2025-04-13 20:00:50,0.99860000,9985.35231,s,l
2025-04-13 20:00:55,0.99860000,30.38203,s,l
2025-04-13 23:03:30,0.99900000,5.01048,b,m
2025-04-13 23:32:22,0.99640000,5.02871,s,l
2025-04-14 01:16:14,0.99600000,10.04016,s,m
2025-04-14 01:20:02,0.99900000,9.93450,b,m
2025-04-14 01:20:11,0.99600000,24.95110,s,l
2025-04-14 01:59:57,0.99900000,9.93450,b,m
2025-04-14 11:58:48,0.99870000,19.71240,s,l
2025-04-15 18:21:42,0.99870000,39.56000,s,l
2025-04-15 18:21:53,0.99870000,91.79872,s,l
2025-04-15 19:31:51,0.99860000,12.73554,s,l
2025-04-15 23:09:55,0.99860000,15.17488,s,l
2025-04-16 01:12:17,0.99900000,50.05010,b,l
2025-04-16 12:43:23,0.99900000,1001.00100,b,m
2025-04-16 20:21:03,0.99860000,1001.00100,s,l
2025-04-16 20:39:31,0.99900000,416.03498,b,l
2025-04-17 00:20:14,0.99890000,19.84340,b,l
2025-04-17 11:01:14,0.99860000,322.67403,s,l
2025-04-17 11:01:28,0.99860000,146.36742,s,l
2025-04-17 17:33:46,0.99860000,145.41695,s,l
2025-04-17 18:49:54,0.99900000,372.09618,b,l
2025-04-18 10:16:54,0.99860000,280.03766,s,l
2025-04-18 10:17:10,0.99860000,108.04558,s,l
2025-04-19 01:01:31,0.99890000,5.00700,b,m
2025-04-19 02:13:23,0.99860000,95.00981,s,l
2025-04-19 02:13:23,0.99860000,95.20304,s,l
2025-04-19 02:13:23,0.99860000,95.39676,s,l
2025-04-19 02:13:23,0.99860000,95.59078,s,l
2025-04-19 02:13:23,0.99860000,95.78530,s,l
2025-04-19 02:13:23,0.99860000,95.98012,s,l
2025-04-19 02:13:23,0.99860000,96.17524,s,l
2025-04-19 02:13:23,0.99860000,96.37086,s,l
2025-04-19 02:13:23,0.99860000,88.02204,s,l
2025-04-19 02:13:23,0.99860000,96.74574,s,l
2025-04-19 02:13:23,0.99860000,96.94236,s,l
2025-04-19 02:13:23,0.99860000,97.13928,s,l
2025-04-19 02:13:23,0.99860000,97.33670,s,l
2025-04-19 02:13:23,0.99860000,97.53452,s,l
2025-04-19 02:13:23,0.99860000,97.73284,s,l
2025-04-19 02:13:23,0.99860000,97.93146,s,l
2025-04-19 02:13:23,0.99860000,98.13047,s,l
2025-04-19 02:13:23,0.99860000,98.32989,s,l
2025-04-19 02:13:23,0.99860000,98.52971,s,l
2025-04-19 02:13:23,0.99860000,98.73003,s,l
2025-04-19 02:13:34,0.99860000,39.68248,s,l
2025-04-19 02:13:34,0.99860000,99.01043,s,l
2025-04-19 02:13:34,0.99860000,99.20865,s,l
2025-04-19 02:13:34,0.99860000,99.40737,s,l
2025-04-19 02:13:34,0.99860000,99.60649,s,l
2025-04-19 02:13:34,0.99860000,99.80600,s,l
2025-04-19 02:13:34,0.99860000,100.00592,s,l
2025-04-19 02:13:34,0.99860000,100.20614,s,l
2025-04-19 02:13:34,0.99860000,100.40686,s,l
2025-04-19 02:13:34,0.99860000,100.60798,s,l
2025-04-19 02:13:34,0.99860000,100.80949,s,l
2025-04-19 02:13:34,0.99860000,101.01141,s,l
2025-04-19 02:13:34,0.99860000,32.58593,s,l
2025-04-19 02:13:34,0.99860000,101.27890,s,l
2025-04-19 02:13:34,0.99860000,101.48072,s,l
2025-04-19 02:13:34,0.99860000,101.68294,s,l
2025-04-19 02:13:34,0.99860000,101.88555,s,l
2025-04-19 02:13:34,0.99860000,102.08847,s,l
2025-04-19 02:13:34,0.99860000,102.29179,s,l
2025-04-19 02:13:34,0.99860000,102.49561,s,l
2025-04-19 02:13:34,0.99860000,102.69992,s,l
2025-04-19 02:13:34,0.99860000,102.90454,s,l
2025-04-19 02:13:34,0.99860000,103.10955,s,l
2025-04-19 02:13:34,0.99860000,103.31597,s,l
2025-04-19 02:13:34,0.99860000,103.52289,s,l
2025-04-19 02:13:34,0.99860000,103.73030,s,l
2025-04-19 02:13:34,0.99860000,103.93802,s,l
2025-04-19 02:13:34,0.99860000,104.14613,s,l
2025-04-19 02:13:34,0.99860000,104.35465,s,l
2025-04-19 02:13:34,0.99860000,104.56366,s,l
2025-04-19 02:13:34,0.99860000,104.77317,s,l
2025-04-19 02:13:34,0.99860000,104.98299,s,l
2025-04-19 02:13:34,0.99860000,92.23535,s,l
2025-04-19 02:42:25,0.99860000,5.00700,s,l
2025-04-19 03:00:12,0.99860000,148.83457,s,l
2025-04-19 03:36:48,0.99860000,8.47515,s,l
2025-04-19 07:42:10,0.99860000,26.31345,s,l
2025-04-19 08:39:28,0.99870000,6.83075,s,l
2025-04-19 16:00:35,0.99860000,28.20972,s,l
2025-04-19 18:58:26,0.99900000,4.96040,b,l
2025-04-20 01:32:03,0.99900000,25.96330,b,l
2025-04-20 13:43:04,0.99860000,5.44670,s,l
2025-04-20 13:44:50,0.99860000,4.95050,s,l
2025-04-20 14:34:00,0.99900000,5.16088,b,m
2025-04-20 20:50:50,0.99900000,9.92070,b,l
2025-04-21 01:11:37,0.99860000,25.96330,s,l
2025-04-21 01:12:48,0.99900000,5.91344,b,m
2025-04-21 02:27:56,0.99900000,48.11865,b,l
2025-04-21 02:27:56,0.99900000,48.13309,b,l
2025-04-21 02:27:56,0.99900000,48.14754,b,l
2025-04-21 02:27:56,0.99900000,19.81972,b,l
2025-04-21 02:27:57,0.99900000,4986.09731,b,l
2025-04-21 02:27:57,0.99900000,4986.09731,b,l
2025-04-21 02:27:57,0.99900000,4938.29264,b,l
2025-04-21 02:28:16,0.99860000,4613.01509,s,l
2025-04-21 02:28:19,0.99860000,35.96273,s,l
2025-04-21 02:28:20,0.99860000,4840.30639,s,l
2025-04-21 02:28:35,0.99860000,97.71800,s,l
2025-04-21 02:28:57,0.99860000,76.61746,s,l
2025-04-21 02:31:00,0.99860000,9.79649,s,l
2025-04-21 02:32:33,0.99860000,6.28690,s,l
2025-04-21 02:39:42,0.99900000,5.46887,b,m
2025-04-21 09:45:07,0.99870000,1.00000,s,l
2025-04-21 12:22:25,0.99900000,5.34783,b,m
2025-04-21 14:14:09,0.99870000,6.57997,s,l
2025-04-21 21:27:41,0.99900000,21.36469,b,l
2025-04-21 21:30:43,0.99900000,119.81441,b,l
2025-04-21 21:30:43,0.99900000,52.90044,b,l
2025-04-21 23:55:12,0.99870000,100.95239,s,l
2025-04-21 23:55:13,0.99870000,100.87812,s,l
2025-04-22 01:56:56,0.99870000,11.38231,s,m
2025-04-22 03:09:20,0.99870000,27.09320,s,l
2025-04-22 08:05:46,0.99870000,107.95200,s,l
2025-04-22 08:05:46,0.99870000,107.98030,s,l
2025-04-22 08:05:46,0.99870000,107.98041,s,l
2025-04-22 08:05:46,0.99870000,107.98041,s,l
2025-04-22 08:05:46,0.99870000,107.98041,s,l
2025-04-22 08:05:46,0.99870000,107.98041,s,l
2025-04-22 08:05:46,0.99870000,107.98041,s,l
2025-04-22 08:05:46,0.99870000,107.98041,s,l
2025-04-22 08:05:46,0.99870000,107.98041,s,l
2025-04-22 08:05:46,0.99870000,107.98041,s,l
2025-04-22 08:05:46,0.99870000,107.98041,s,l
2025-04-22 08:05:46,0.99870000,107.98041,s,l
2025-04-22 08:05:46,0.99870000,107.98041,s,l
2025-04-22 09:13:14,0.99860000,107.43108,s,l
2025-04-22 12:53:36,0.99860000,1.98020,s,l
2025-04-22 12:56:35,0.99860000,26.75039,s,l
2025-04-22 13:02:33,0.99860000,66.83180,s,l
2025-04-22 13:14:51,0.99860000,7.16251,s,l
2025-04-22 13:22:02,0.99860000,2316.83070,s,m
2025-04-22 13:41:44,0.99860000,7.21732,s,l
2025-04-22 14:30:26,0.99860000,9.49767,s,l
2025-04-22 15:30:57,0.99860000,556.61568,s,l
2025-04-22 15:41:07,0.99890000,5.50465,b,m
2025-04-22 16:00:24,0.99860000,95.46897,s,l
2025-04-22 16:00:24,0.99860000,95.57615,s,l
2025-04-22 16:00:24,0.99860000,95.68308,s,l
2025-04-22 16:00:24,0.99860000,95.79050,s,l
2025-04-22 16:00:24,0.99860000,95.89781,s,l
2025-04-22 16:00:24,0.99860000,96.00511,s,l
2025-04-22 16:00:24,0.99860000,96.11302,s,l
2025-04-22 16:00:24,0.99860000,96.22044,s,l
2025-04-22 16:00:24,0.99860000,96.32799,s,l
2025-04-22 16:00:24,0.99860000,96.43566,s,l
2025-04-22 16:00:24,0.99860000,96.54357,s,l
2025-04-22 16:00:24,0.99860000,96.65186,s,l
2025-04-22 16:00:24,0.99860000,96.76002,s,l
2025-04-22 16:00:24,0.99860000,96.86805,s,l
2025-04-22 16:00:24,0.99860000,96.97670,s,l
2025-04-22 16:00:24,0.99860000,97.08572,s,l
2025-04-22 16:00:24,0.99860000,97.19437,s,l
2025-04-22 16:00:24,0.99860000,97.30339,s,l
2025-04-22 16:00:24,0.99860000,97.41228,s,l
2025-04-22 16:00:24,0.99860000,97.52167,s,l
2025-04-22 16:00:24,0.99860000,97.63130,s,l
2025-04-22 16:00:24,0.99860000,97.74020,s,l
2025-04-22 16:00:24,0.99860000,97.84958,s,l
2025-04-22 16:00:24,0.99860000,97.95921,s,l
2025-04-22 16:00:24,0.99860000,98.06909,s,l
2025-04-22 16:00:24,0.99860000,98.17872,s,l
2025-04-22 16:00:24,0.99860000,98.28884,s,l
2025-04-22 16:00:24,0.99860000,98.39884,s,l
2025-04-22 16:00:24,0.99860000,98.50884,s,l
2025-04-22 16:00:24,0.99860000,98.61945,s,l
2025-04-22 16:00:24,0.99860000,98.72957,s,l
2025-04-22 16:00:24,0.99860000,98.84068,s,l
2025-04-22 16:00:24,0.99860000,98.95166,s,l
2025-04-22 16:00:24,0.99860000,99.06252,s,l
2025-04-22 16:00:24,0.99860000,99.17313,s,l
2025-04-22 16:00:24,0.99860000,62.32900,s,l
2025-04-22 16:00:24,0.99860000,99.35364,s,l
2025-04-22 16:00:24,0.99860000,99.46511,s,l
2025-04-22 16:00:25,0.99860000,99.57682,s,l
2025-04-22 16:00:25,0.99860000,99.68830,s,l
2025-04-22 16:00:25,0.99860000,99.80026,s,l
2025-04-22 16:00:25,0.99860000,99.91209,s,l
2025-04-22 16:00:25,0.99860000,100.02381,s,l
2025-04-22 16:00:25,0.99860000,100.13626,s,l
2025-04-22 16:00:25,0.99860000,100.24810,s,l
2025-04-22 16:00:25,0.99860000,100.36068,s,l
2025-04-22 16:00:25,0.99860000,100.47300,s,l
2025-04-22 16:00:25,0.99860000,100.58570,s,l
2025-04-22 16:00:25,0.99860000,100.69815,s,l
2025-04-22 16:00:25,0.99860000,100.81109,s,l
2025-04-22 16:00:25,0.99860000,100.92404,s,l
2025-04-22 16:00:25,0.99860000,101.03698,s,l
2025-04-22 17:38:44,0.99860000,5.07125,s,l
2025-04-22 20:10:54,0.99890000,76.44381,b,l
2025-04-22 21:45:10,0.99860000,37.31704,s,l
2025-04-22 21:45:10,0.99860000,37.39511,s,l
2025-04-22 21:45:10,0.99860000,37.47338,s,l
2025-04-22 21:45:10,0.99860000,37.55185,s,l
2025-04-22 21:45:10,0.99860000,37.59733,s,l
2025-04-22 21:45:10,0.99860000,37.63780,s,l
2025-04-22 21:45:11,0.99860000,37.67825,s,l
2025-04-22 21:45:11,0.99860000,37.71868,s,l
2025-04-22 21:45:11,0.99860000,37.75914,s,l
2025-04-22 21:45:11,0.99860000,37.79959,s,l
2025-04-22 21:45:11,0.99860000,37.84003,s,l
2025-04-22 21:45:11,0.99860000,37.88047,s,l
2025-04-22 21:45:11,0.99860000,37.92092,s,l
2025-04-22 21:45:20,0.99860000,10.93240,s,l
2025-04-22 21:49:19,0.99860000,27.64217,s,l
2025-04-22 21:49:26,0.99860000,19.09931,s,l
2025-04-22 22:30:37,0.99860000,359.57586,s,l
2025-04-22 22:30:37,0.99860000,360.72629,s,l
2025-04-22 22:30:37,0.99860000,361.15824,s,l
2025-04-22 22:30:37,0.99860000,361.60586,s,l
2025-04-22 22:30:37,0.99860000,362.05633,s,l
2025-04-22 22:30:37,0.99860000,362.50310,s,l
2025-04-22 22:30:37,0.99860000,362.94800,s,l
2025-04-22 22:30:37,0.99860000,363.41793,s,l
2025-04-22 22:30:37,0.99860000,363.87590,s,l
2025-04-22 22:30:37,0.99860000,584.91991,s,l
2025-04-22 22:30:37,0.99860000,584.94126,s,l
2025-04-22 22:30:37,0.99860000,584.94043,s,l
2025-04-22 23:38:28,0.99860000,6.80217,s,l
2025-04-23 07:58:30,0.99860000,28.22035,s,l
2025-04-23 07:58:32,0.99860000,28.24617,s,l
2025-04-23 12:43:06,0.99860000,20.91510,s,l
2025-04-23 13:38:32,0.99860000,23.01820,s,l
2025-04-23 14:35:43,0.99860000,20.22513,s,l
2025-04-24 02:05:55,0.99860000,115.78827,s,l
2025-04-24 02:06:11,0.99860000,115.74826,s,l
2025-04-24 02:06:25,0.99860000,115.75337,s,l
2025-04-24 02:06:40,0.99860000,115.75163,s,l
2025-04-24 02:06:56,0.99860000,115.78826,s,l
2025-04-24 07:22:59,0.99860000,63.16044,s,l
2025-04-24 07:22:59,0.99900000,29.13730,b,l
2025-04-24 08:06:45,0.99860000,111.81434,s,l
2025-04-24 08:06:59,0.99860000,83.66167,s,l
2025-04-24 08:09:28,0.99860000,28.24675,s,l
2025-04-24 21:43:11,0.99600000,1.97030,s,l
2025-04-24 23:31:56,0.99860000,366.95938,s,l
2025-04-24 23:32:10,0.99860000,28.22546,s,l
2025-04-24 23:32:10,0.99860000,249.37119,s,l
2025-04-24 23:32:10,0.99860000,249.64689,s,l
2025-04-24 23:32:10,0.99860000,249.92135,s,l
2025-04-24 23:32:10,0.99860000,250.19581,s,l
2025-04-24 23:32:10,0.99860000,250.47122,s,l
2025-04-24 23:32:10,0.99860000,250.74660,s,l
2025-04-24 23:32:10,0.99860000,251.02294,s,l
2025-04-24 23:32:10,0.99860000,251.29928,s,l
2025-04-25 00:37:52,0.99860000,9.86971,s,l
2025-04-25 07:09:37,0.99860000,405.96186,s,l
2025-04-26 00:43:06,0.99870000,405.92643,s,l
2025-04-26 01:20:34,0.99900000,9.51781,b,l
2025-04-26 01:20:57,0.99900000,202.83413,b,l
2025-04-26 01:22:59,0.99900000,212.37697,b,l
2025-04-26 01:23:31,0.99900000,150.14834,b,l
2025-04-26 01:23:33,0.99900000,83.68148,b,l
2025-04-26 01:23:37,0.99900000,6.37577,b,l
2025-04-26 01:23:55,0.99900000,9.52032,b,l
2025-04-26 01:23:56,0.99900000,196.51271,b,l
2025-04-26 01:29:26,0.99900000,212.40910,b,l
2025-04-26 01:30:17,0.99900000,9.52042,b,l
2025-04-26 01:30:18,0.99900000,9.52042,b,l
2025-04-26 01:30:19,0.99900000,9.52042,b,l
2025-04-26 01:30:19,0.99900000,47.20910,b,l
2025-04-26 01:30:21,0.99900000,9.52042,b,l
2025-04-26 01:30:22,0.99900000,7.10500,b,l
2025-04-26 01:30:22,0.99900000,9.52042,b,l
2025-04-26 01:30:24,0.99900000,9.52042,b,l
2025-04-26 01:30:25,0.99900000,9.52042,b,l
2025-04-26 01:30:26,0.99900000,9.52042,b,l
2025-04-26 01:30:28,0.99900000,5.02952,b,l
2025-04-26 01:30:28,0.99900000,9.52042,b,l
2025-04-26 01:30:29,0.99900000,9.52042,b,l
2025-04-26 01:30:31,0.99900000,9.52042,b,l
2025-04-26 01:30:32,0.99900000,9.52042,b,l
2025-04-26 01:30:34,0.99900000,9.52042,b,l
2025-04-26 01:30:35,0.99900000,9.52042,b,l
2025-04-26 01:30:36,0.99900000,9.52042,b,l
2025-04-26 01:30:38,0.99900000,9.52042,b,l
2025-04-26 01:30:39,0.99900000,9.52042,b,l
2025-04-26 01:30:41,0.99900000,9.52042,b,l
2025-04-26 01:30:42,0.99900000,9.52042,b,l
2025-04-26 01:30:43,0.99900000,9.52042,b,l
2025-04-26 01:30:45,0.99900000,9.52042,b,l
2025-04-26 01:30:46,0.99900000,9.52042,b,l
2025-04-26 01:30:48,0.99900000,9.52042,b,l
2025-04-26 01:30:48,0.99900000,93.75085,b,l
2025-04-26 01:30:50,0.99900000,9.52042,b,l
2025-04-26 01:30:51,0.99900000,9.52042,b,l
2025-04-26 01:30:59,0.99900000,46.26276,b,l
2025-04-26 01:31:19,0.99900000,9.52042,b,l
2025-04-26 01:31:21,0.99900000,9.52042,b,l
2025-04-26 01:31:22,0.99900000,9.52042,b,l
2025-04-26 01:32:01,0.99900000,202.88978,b,l
2025-04-26 01:32:08,0.99900000,201.68628,b,l
2025-04-26 01:32:12,0.99900000,150.14824,b,l
2025-04-26 01:32:25,0.99900000,13.84804,b,l
2025-04-26 01:32:26,0.99900000,9.52082,b,l
2025-04-26 01:32:27,0.99900000,9.52082,b,l
2025-04-26 01:32:29,0.99900000,9.52082,b,l
2025-04-26 01:32:30,0.99900000,9.52082,b,l
2025-04-26 01:32:31,0.99900000,9.52082,b,l
2025-04-26 01:32:33,0.99900000,9.52082,b,l
2025-04-26 01:32:34,0.99900000,9.52082,b,l
2025-04-26 01:32:36,0.99900000,9.52082,b,l
2025-04-26 01:32:37,0.99900000,9.52082,b,l
2025-04-26 01:32:38,0.99900000,9.52082,b,l
2025-04-26 01:32:40,0.99900000,9.52082,b,l
2025-04-26 01:32:41,0.99900000,9.52082,b,l
2025-04-26 01:32:43,0.99900000,9.52082,b,l
2025-04-26 01:32:44,0.99900000,9.52082,b,l
2025-04-26 01:32:45,0.99900000,9.52082,b,l
2025-04-26 01:32:47,0.99900000,9.52082,b,l
2025-04-26 01:32:48,0.99900000,212.41961,b,l
2025-04-26 01:33:34,0.99900000,212.46026,b,l
2025-04-26 01:33:55,0.99900000,212.47097,b,l
2025-04-26 01:34:42,0.99900000,23.44571,b,l
2025-04-26 01:34:42,0.99900000,153.80852,b,l
2025-04-26 01:34:43,0.99900000,23.99880,b,l
2025-04-26 01:34:43,0.99900000,153.61111,b,l
2025-04-26 01:34:43,0.99900000,24.55218,b,l
2025-04-26 01:34:43,0.99900000,153.41620,b,l
2025-04-26 01:34:43,0.99900000,25.10376,b,l
2025-04-26 01:34:43,0.99900000,153.22388,b,l
2025-04-26 01:34:43,0.99900000,25.65355,b,l
2025-04-26 01:34:43,0.99900000,153.03415,b,l
2025-04-26 01:34:43,0.99900000,26.20154,b,l
2025-04-26 01:34:43,0.99900000,152.84711,b,l
2025-04-26 01:34:43,0.99900000,26.74774,b,l
2025-04-26 01:34:43,0.99900000,152.66247,b,l
2025-04-26 01:34:43,0.99900000,27.29215,b,l
2025-04-26 01:34:43,0.99900000,152.48042,b,l
2025-04-26 01:34:43,0.99900000,27.83217,b,l
2025-04-26 01:34:43,0.99900000,152.24373,b,l
2025-04-26 01:34:43,0.99900000,28.37274,b,l
2025-04-26 01:34:43,0.99900000,151.91841,b,l
2025-04-26 01:34:43,0.99900000,28.91111,b,l
2025-04-26 01:34:43,0.99900000,151.59638,b,l
2025-04-26 01:34:43,0.99900000,29.44719,b,l
2025-04-26 01:34:43,0.99900000,151.27734,b,l
2025-04-26 01:34:43,0.99900000,29.98087,b,l
2025-04-26 01:34:43,0.99900000,150.96199,b,l
2025-04-26 01:34:43,0.99900000,30.51236,b,l
2025-04-26 01:34:43,0.99900000,150.64953,b,l
2025-04-26 01:34:43,0.99900000,31.04156,b,l
2025-04-26 01:34:43,0.99900000,150.33976,b,l
2025-04-26 01:34:43,0.99900000,31.56867,b,l
2025-04-26 01:34:43,0.99900000,150.03299,b,l
2025-04-26 01:34:43,0.99900000,32.09338,b,l
2025-04-26 01:34:43,0.99900000,62.40183,b,l
2025-04-26 01:34:43,0.99900000,119.58618,b,l
2025-04-26 01:34:43,0.99900000,182.11867,b,l
2025-04-26 01:34:43,0.99900000,182.51789,b,l
2025-04-26 01:34:43,0.99900000,182.91801,b,l
2025-04-26 01:34:43,0.99900000,182.91801,b,l
2025-04-26 01:34:43,0.99900000,183.31902,b,l
2025-04-26 01:34:43,0.99900000,183.72073,b,l
2025-04-26 01:34:43,0.99900000,184.12353,b,l
2025-04-26 01:34:43,0.99900000,184.52724,b,l
2025-04-26 01:34:43,0.99900000,184.93184,b,l
2025-04-26 01:34:43,0.99900000,185.33733,b,l
2025-04-26 01:34:43,0.99900000,185.74363,b,l
2025-04-26 01:34:43,0.99900000,186.15082,b,l
2025-04-26 01:34:43,0.99900000,186.55901,b,l
2025-04-26 01:34:43,0.99900000,186.96799,b,l
2025-04-26 01:34:43,0.99900000,169.85655,b,l
2025-04-26 01:34:43,0.99900000,169.89392,b,l
2025-04-26 01:34:43,0.99900000,169.93572,b,l
2025-04-26 01:34:43,0.99900000,169.97778,b,l
2025-04-26 01:34:43,0.99900000,170.01865,b,l
2025-04-26 01:34:43,0.99900000,170.06045,b,l
2025-04-26 01:34:43,0.99900000,170.10239,b,l
2025-04-26 01:34:43,0.99900000,170.14339,b,l
2025-04-26 01:34:43,0.99900000,170.18426,b,l
2025-04-26 01:34:43,0.99900000,142.90940,b,l
2025-04-26 01:34:43,0.99900000,143.08084,b,l
2025-04-26 01:34:43,0.99900000,143.25215,b,l
2025-04-26 01:34:43,0.99900000,143.42439,b,l
2025-04-26 01:34:43,0.99900000,143.59663,b,l
2025-04-26 01:34:43,0.99900000,143.76900,b,l
2025-04-26 01:34:43,0.99900000,143.94124,b,l
2025-04-26 01:34:43,0.99900000,144.11441,b,l
2025-04-26 01:34:43,0.99900000,144.28771,b,l
2025-04-26 01:34:43,0.99900000,144.46087,b,l
2025-04-26 01:34:43,0.99900000,144.63404,b,l
2025-04-26 01:34:43,0.99900000,144.80734,b,l
2025-04-26 01:34:43,0.99900000,144.98157,b,l
2025-04-26 01:34:43,0.99900000,145.15553,b,l
2025-04-26 01:34:43,0.99900000,145.32989,b,l
2025-04-26 01:34:43,0.99900000,145.50399,b,l
2025-04-26 01:34:43,0.99900000,145.67902,b,l
2025-04-26 01:34:43,0.99900000,145.85417,b,l
2025-04-26 01:34:43,0.99900000,146.02946,b,l
2025-04-26 01:34:43,0.99900000,146.20436,b,l
2025-04-26 01:34:43,0.99900000,146.37951,b,l
2025-04-26 01:34:43,0.99900000,146.55560,b,l
2025-04-26 01:34:43,0.99900000,146.73169,b,l
2025-04-26 01:34:43,0.99900000,146.90777,b,l
2025-04-26 01:34:44,0.99900000,147.08386,b,l
2025-04-26 01:34:44,0.99900000,132.05098,b,l
2025-04-26 01:34:44,0.99900000,132.21229,b,l
2025-04-26 01:34:44,0.99900000,132.37169,b,l
2025-04-26 01:34:44,0.99900000,132.53205,b,l
2025-04-26 01:34:44,0.99900000,132.69146,b,l
2025-04-26 01:34:44,0.99900000,132.85181,b,l
2025-04-26 01:34:44,0.99900000,133.01312,b,l
2025-04-26 01:34:44,0.99900000,133.17348,b,l
2025-04-26 01:34:44,0.99900000,133.33383,b,l
2025-04-26 01:34:44,0.99900000,133.49514,b,l
2025-04-26 01:34:44,0.99900000,133.65644,b,l
2025-04-26 01:34:44,0.99900000,133.81775,b,l
2025-04-26 01:34:44,0.99900000,133.98000,b,l
2025-04-26 01:34:44,0.99900000,134.14131,b,l
2025-04-26 01:34:44,0.99900000,134.30356,b,l
2025-04-26 01:34:44,0.99900000,134.46582,b,l
2025-04-26 01:34:44,0.99900000,134.62807,b,l
2025-04-26 01:34:44,0.99900000,134.79032,b,l
2025-04-26 01:34:44,0.99900000,134.95353,b,l
2025-04-26 01:34:44,0.99900000,135.11673,b,l
2025-04-26 01:34:44,0.99900000,135.27993,b,l
2025-04-26 01:34:44,0.99900000,135.44313,b,l
2025-04-26 01:34:44,0.99900000,135.60729,b,l
2025-04-26 01:34:44,0.99900000,135.77049,b,l
2025-04-26 01:34:44,0.99900000,135.93464,b,l
2025-04-26 01:34:44,0.99900000,136.09974,b,l
2025-04-26 01:34:44,0.99900000,136.26389,b,l
2025-04-26 01:34:44,0.99900000,16.93552,b,l
2025-04-26 01:34:44,0.99900000,136.46410,b,l
2025-04-26 01:34:44,0.99900000,136.61307,b,l
2025-04-26 01:34:44,0.99900000,136.77817,b,l
2025-04-26 02:36:51,0.99870000,21.12862,s,l
2025-04-26 04:25:19,0.99870000,405.91695,s,l
2025-04-26 04:25:45,0.99870000,405.99472,s,l
2025-04-26 04:26:04,0.99870000,406.02413,s,l
2025-04-26 04:28:12,0.99870000,33.00013,s,l
2025-04-26 04:28:17,0.99870000,19.82018,s,l
2025-04-26 04:29:56,0.99870000,7.48627,s,l
2025-04-26 04:31:45,0.99870000,406.04310,s,l
2025-04-26 04:31:58,0.99870000,47.42352,s,l
2025-04-26 04:32:21,0.99870000,25.67509,s,l
2025-04-26 04:33:15,0.99870000,47.42352,s,l
2025-04-26 04:33:28,0.99870000,109.58818,s,l
2025-04-26 04:33:29,0.99870000,8.67091,s,l
2025-04-26 04:33:48,0.99870000,406.04310,s,l
2025-04-26 04:33:57,0.99870000,47.42352,s,l
2025-04-26 04:34:38,0.99870000,189.69411,s,l
2025-04-26 04:35:06,0.99870000,47.42352,s,l
2025-04-26 04:35:38,0.99870000,121.53986,s,l
2025-04-26 04:36:19,0.99870000,406.17398,s,l
2025-04-26 04:37:09,0.99870000,406.17398,s,l
2025-04-26 04:37:10,0.99870000,136.52674,s,l
2025-04-26 04:37:10,0.99870000,4033.73144,s,l
2025-04-26 04:37:10,0.99870000,136.67637,s,l
2025-04-26 04:37:10,0.99870000,4034.39852,s,l
2025-04-26 04:37:10,0.99870000,4035.06718,s,l
2025-04-26 04:37:10,0.99870000,136.82717,s,l
2025-04-26 04:37:10,0.99870000,136.97891,s,l
2025-04-26 04:37:10,0.99870000,724.54801,s,l
2025-04-26 05:36:12,0.99870000,18.27285,s,l
2025-04-27 01:13:21,0.99870000,67.37492,s,l
2025-04-27 01:13:21,0.99870000,67.51605,s,l
2025-04-27 01:13:21,0.99870000,67.65747,s,l
2025-04-27 01:13:21,0.99870000,67.79910,s,l
2025-04-27 01:13:21,0.99870000,8.53175,s,l
2025-04-27 01:14:12,0.99870000,7.14908,s,l
2025-04-27 05:23:01,0.99870000,325.89939,s,l
2025-04-27 05:25:43,0.99870000,325.90316,s,l
2025-04-27 05:25:44,0.99870000,325.90598,s,l
2025-04-27 05:25:45,0.99870000,326.04533,s,l
2025-04-27 05:25:47,0.99870000,326.11500,s,l
2025-04-27 05:25:47,0.99870000,5230.37854,s,l
2025-04-27 05:25:47,0.99870000,862.08919,s,l
2025-04-27 05:25:47,0.99870000,591.18647,s,l
2025-04-27 06:34:22,0.99870000,8.26762,s,l
2025-04-27 07:10:09,0.99870000,28.94000,s,l
2025-04-27 16:53:15,0.99870000,16.01336,s,m
2025-04-28 03:27:07,0.99870000,0.99010,s,l
2025-04-28 03:32:20,0.99870000,228.78732,s,l
2025-04-28 05:06:04,0.99890000,46.04167,b,l
2025-04-28 05:25:04,0.99900000,957.94791,b,l
2025-04-28 05:25:04,0.99900000,954.46231,b,l
2025-04-28 05:25:04,0.99900000,954.51455,b,l
2025-04-28 05:25:04,0.99900000,954.56679,b,l
2025-04-28 05:25:04,0.99900000,954.61904,b,l
2025-04-28 05:25:04,0.99900000,954.67138,b,l
2025-04-28 05:25:04,0.99900000,954.72372,b,l
2025-04-28 05:25:04,0.99900000,954.72581,b,l
2025-04-28 05:25:04,0.99900000,954.72831,b,l
2025-04-28 05:25:04,0.99900000,954.73080,b,l
2025-04-28 05:25:04,0.99900000,954.73339,b,l
2025-04-28 06:42:59,0.99880000,7.08119,s,l
2025-04-28 07:28:09,0.99900000,14.29219,b,l
2025-04-28 14:36:39,0.99900000,10.01001,b,l
2025-04-28 14:36:39,0.99900000,10.01001,b,l
2025-04-28 14:36:40,0.99900000,10.01001,b,l
2025-04-28 14:37:46,0.99900000,806.70171,b,l
2025-04-28 14:37:46,0.99900000,806.94659,b,l
2025-04-28 14:37:46,0.99900000,807.19155,b,l
2025-04-28 14:37:46,0.99900000,807.43659,b,l
2025-04-28 14:37:46,0.99900000,807.68170,b,l
2025-04-28 14:37:46,0.99900000,807.92689,b,l
2025-04-28 14:37:46,0.99900000,808.17215,b,l
2025-04-28 14:37:46,0.99900000,808.41749,b,l
2025-04-28 14:37:47,0.99900000,1002.63667,b,l
2025-04-28 14:37:47,0.99900000,1002.06714,b,l
2025-04-28 14:37:47,0.99900000,1002.27140,b,l
2025-04-28 14:37:47,0.99900000,699.12947,b,l
2025-04-29 05:37:47,0.99880000,9.70482,s,l
2025-04-29 11:59:15,0.99880000,36.76105,s,l
2025-04-29 13:20:47,0.99870000,3651.75670,s,l
2025-04-29 13:20:47,0.99870000,5717.55287,s,l
2025-04-29 13:20:59,0.99870000,9.16031,s,l
2025-04-29 13:22:30,0.99890000,64.72690,b,l
2025-04-29 13:22:30,0.99900000,5530.66226,b,l
2025-04-29 13:22:30,0.99900000,64.72690,b,l
2025-04-29 13:23:44,0.99900000,177.66304,b,l
2025-04-29 13:23:44,0.99910000,11235.77905,b,l
2025-04-29 16:34:16,0.99880000,118.14968,s,l
2025-04-29 16:34:16,0.99880000,118.14968,s,l
2025-04-30 10:34:41,0.99880000,13.47989,s,l
2025-04-30 14:19:45,0.99870000,117.54299,s,l
2025-04-30 15:21:42,0.99870000,44.80830,s,l
2025-04-30 15:30:44,0.99870000,1061.33517,s,l
2025-04-30 15:30:44,0.99870000,1061.65735,s,l
2025-04-30 15:30:44,0.99870000,1061.97963,s,l
2025-04-30 15:30:44,0.99870000,1062.30199,s,l
2025-04-30 15:30:44,0.99870000,10.01529,s,l
2025-04-30 15:30:45,0.99870000,1065.07528,s,l
2025-04-30 15:30:45,0.99870000,1065.24258,s,l
2025-04-30 15:30:45,0.99870000,1065.40988,s,l
2025-04-30 15:30:45,0.99870000,1065.57719,s,l
2025-04-30 15:30:45,0.99870000,1065.74459,s,l
2025-04-30 15:30:45,0.99870000,1065.91199,s,l
2025-04-30 15:30:45,0.99870000,411.08035,s,l
2025-04-30 15:42:44,0.99870000,0.99950,s,l
2025-04-30 22:23:06,0.99910000,129.91367,b,l
2025-05-01 04:57:23,0.99910000,142.89915,b,l
2025-05-01 05:28:41,0.99910000,42.73778,b,l
2025-05-01 09:35:06,0.99880000,55.92983,s,l
2025-05-01 09:35:06,0.99880000,57.67582,s,l
2025-05-01 09:35:06,0.99880000,57.67582,s,l
2025-05-01 09:35:45,0.99870000,677.80293,s,l
2025-05-01 09:35:45,0.99870000,291.52162,s,l
2025-05-01 09:35:45,0.99870000,678.10186,s,l
2025-05-01 09:35:45,0.99870000,678.84035,s,l
2025-05-01 09:35:45,0.99870000,679.58201,s,l
2025-05-01 09:35:45,0.99870000,140.82842,s,l
2025-05-01 09:35:52,0.99860000,1256.88709,s,l
2025-05-01 09:35:52,0.99860000,335.57224,s,l
2025-05-01 09:35:52,0.99860000,1260.92305,s,l
2025-05-01 09:35:52,0.99860000,1262.68724,s,l
2025-05-01 09:35:53,0.99860000,1264.18809,s,l
2025-05-01 09:35:53,0.99860000,1265.69075,s,l
2025-05-01 09:35:53,0.99860000,1013.11000,s,l
2025-05-01 09:35:53,0.99860000,1267.39696,s,l
2025-05-01 09:35:53,0.99860000,1269.81325,s,l
2025-05-01 09:35:53,0.99860000,1271.31385,s,l
2025-05-01 09:35:53,0.99860000,1272.81362,s,l
2025-05-01 09:35:53,0.99860000,117.30400,s,l
2025-05-01 09:35:53,0.99860000,1274.51157,s,l
2025-05-01 09:35:53,0.99860000,1276.09448,s,l
2025-05-01 09:35:53,0.99860000,537.59429,s,l
2025-05-01 09:36:01,0.99860000,1948.61782,s,l
2025-05-01 10:20:30,0.99860000,66.48846,s,l
2025-05-01 10:20:30,0.99860000,66.62781,s,l
2025-05-01 10:20:31,0.99860000,66.76725,s,l
2025-05-01 10:20:31,0.99860000,56.90323,s,l
2025-05-01 10:20:32,0.99860000,57.02228,s,l
2025-05-01 10:20:32,0.99860000,57.14153,s,l
2025-05-01 10:20:32,0.99860000,57.26108,s,l
2025-05-01 10:20:32,0.99860000,57.18693,s,l
2025-05-01 10:38:37,0.99860000,22.57477,s,l
2025-05-02 20:15:19,0.99910000,10.01401,b,m
2025-05-03 03:58:13,0.99860000,50.05010,s,l
2025-05-03 19:40:15,0.99900000,1.00450,b,l
2025-05-03 20:52:53,0.99900000,39.53410,b,l
2025-05-03 23:58:24,0.99900000,18.04143,b,m
2025-05-05 02:05:10,0.99910000,5.07457,b,m
2025-05-05 02:10:54,0.99860000,5.06442,s,m
2025-05-05 23:14:02,0.99860000,10.01400,s,l
2025-05-06 06:46:32,0.99900000,5.68288,b,m
2025-05-06 12:57:35,0.99900000,5.54697,b,m
2025-05-06 14:22:44,0.99860000,6.62248,s,l
2025-05-06 17:47:04,0.99900000,50.39040,b,l
2025-05-06 20:59:54,0.99860000,11.22985,s,m
2025-05-06 22:42:43,0.99860000,7.19963,s,l
2025-05-07 04:14:27,0.99900000,5.68634,b,m
2025-05-07 14:13:28,0.99860000,20.02800,s,l
2025-05-07 15:47:28,0.99860000,5.68634,s,l
2025-05-07 20:33:23,0.99860000,277.59995,s,l
2025-05-07 23:09:32,0.99860000,369.47543,s,l
2025-05-07 23:09:32,0.99860000,369.88093,s,l
2025-05-07 23:09:32,0.99860000,370.28668,s,l
