timestamp,price,volume,side,type
2026-02-05 21:31:40,0.0000057300,28559522.29703,s,l
2026-02-05 21:31:54,0.0000057400,8710801.39373,b,m
2026-02-05 21:31:54,0.0000057400,13500000.00000,b,l
2026-02-05 21:31:54,0.0000057500,3878157.00000,b,l
2026-02-05 21:32:47,0.0000057300,1297693.00000,s,l
2026-02-05 21:32:49,0.0000057300,1216899.00000,b,l
2026-02-05 21:32:59,0.0000057300,1814876.09076,s,l
2026-02-05 21:33:02,0.0000057200,26950354.60993,s,m
2026-02-05 21:33:34,0.0000057100,10150489.39518,s,m
2026-02-05 21:33:41,0.0000057200,1672968.00000,b,l
2026-02-05 21:34:49,0.0000057000,5000000.00000,b,l
2026-02-05 21:35:01,0.0000056900,13500000.00000,s,m
2026-02-05 21:35:01,0.0000056900,45071570.36441,s,m
2026-02-05 21:35:25,0.0000056900,6958111.66421,b,l
2026-02-05 21:35:35,0.0000057000,225912.00000,b,l
2026-02-05 21:36:09,0.0000057000,84752945.00000,b,l
2026-02-05 21:36:13,0.0000056900,80000000.00000,s,l
2026-02-05 21:36:13,0.0000056900,66397100.00000,s,l
2026-02-05 21:36:13,0.0000056900,88.04921,s,l
2026-02-05 21:36:15,0.0000056900,13500000.00000,b,l
2026-02-05 21:36:15,0.0000056900,4074692.44289,b,l
2026-02-05 21:36:15,0.0000056900,1695059.00000,b,l
2026-02-05 21:36:28,0.0000056900,2125062.00000,b,l
2026-02-05 21:36:55,0.0000056700,710400.00000,s,l
2026-02-05 21:36:56,0.0000056700,79.57371,s,l
2026-02-05 21:37:02,0.0000056800,13500000.00000,b,m
2026-02-05 21:37:02,0.0000056800,21742957.74648,b,m
2026-02-05 21:37:02,0.0000056700,2180969.67305,s,l
2026-02-05 21:37:52,0.0000056800,1684750.00000,b,l
2026-02-05 21:39:05,0.0000057000,2979772.00000,b,l
2026-02-05 21:39:28,0.0000056800,13500000.00000,s,l
2026-02-05 21:39:28,0.0000056800,98055237.78395,s,l
2026-02-05 21:39:28,0.0000056800,4688670.21605,s,l
2026-02-05 21:40:04,0.0000057000,122850123.00000,s,l
2026-02-05 21:40:32,0.0000057100,710479.57371,b,m
2026-02-05 21:40:32,0.0000057100,6557471.10333,b,m
2026-02-05 21:40:33,0.0000057100,4189745.00000,b,l
2026-02-05 21:41:07,0.0000057100,1675898.00000,b,l
2026-02-05 21:41:35,0.0000057000,1639714.00000,s,l
2026-02-05 21:42:08,0.0000057200,1573426.57343,b,m
2026-02-05 21:43:27,0.0000057000,7244959.00000,s,l
2026-02-05 21:43:42,0.0000056900,1084031.00000,s,l
2026-02-05 21:43:57,0.0000056900,80000000.00000,s,l
2026-02-05 21:43:57,0.0000056900,50168900.00000,s,l
2026-02-05 21:43:57,0.0000056900,29704600.00000,s,l
2026-02-05 21:43:57,0.0000056900,530295424.49533,s,l
2026-02-05 21:44:18,0.0000056800,8505137.00000,b,l
2026-02-05 21:44:26,0.0000056700,710479.57371,s,l
2026-02-05 21:44:52,0.0000056800,4994863.00000,b,m
2026-02-05 21:44:52,0.0000056800,2047390.84507,b,m
2026-02-05 21:44:58,0.0000056800,3672600.49793,b,l
2026-02-05 21:45:05,0.0000056800,4558225.00000,b,l
2026-02-05 21:45:21,0.0000056800,70422535.21126,b,l
2026-02-05 21:46:09,0.0000056800,17605600.00000,s,l
2026-02-05 21:46:10,0.0000056800,33.80281,s,l
2026-02-05 21:46:26,0.0000056700,3527300.00000,s,l
2026-02-05 21:46:26,0.0000056700,36.86067,s,l
2026-02-05 21:46:54,0.0000056800,2167310.00000,s,l
2026-02-05 21:47:40,0.0000057100,710479.57371,b,l
2026-02-05 21:47:40,0.0000057100,1124849.42629,b,l
2026-02-05 21:48:28,0.0000057000,3508771.92982,b,m
2026-02-05 21:49:13,0.0000056800,13500000.00000,b,l
2026-02-05 21:49:13,0.0000056800,6747466.00000,b,l
2026-02-05 21:49:18,0.0000056800,1684750.00000,b,l
2026-02-05 21:50:06,0.0000056700,4219302.00000,b,l
2026-02-05 21:51:48,0.0000056700,13500000.00000,b,l
2026-02-05 21:51:48,0.0000056700,28693025.00000,b,l
2026-02-05 21:52:15,0.0000056700,3408055.00000,b,l
2026-02-05 21:52:21,0.0000056600,1729681.97879,s,l
2026-02-05 21:52:38,0.0000056500,1615191.15131,s,l
2026-02-05 21:52:46,0.0000056500,1371176.27499,b,l
2026-02-05 21:53:08,0.0000056500,1354956.00000,b,l
2026-02-05 21:53:30,0.0000056500,8468476.00000,b,l
2026-02-05 21:53:54,0.0000056400,9009146.00000,s,l
2026-02-05 21:54:15,0.0000056400,4432600.00000,s,l
2026-02-05 21:54:32,0.0000056500,15395300.00000,b,l
2026-02-05 21:54:32,0.0000056500,12260500.00000,b,l
2026-02-05 21:54:32,0.0000056500,11332700.00000,b,l
2026-02-05 21:54:34,0.0000056500,1011500.00000,b,l
2026-02-05 21:55:03,0.0000056700,10091945.00000,b,l
2026-02-05 21:55:03,0.0000056700,6978436.00000,b,l
2026-02-05 21:56:43,0.0000056400,24.11347,s,l
2026-02-05 21:56:53,0.0000056300,710479.57371,s,l
2026-02-05 21:57:06,0.0000056400,5933848.00000,b,l
2026-02-05 21:59:28,0.0000056600,17667844.52297,b,m
2026-02-05 21:59:51,0.0000056500,7118218.09565,s,m
2026-02-05 22:00:25,0.0000056600,25000000.00000,s,l
2026-02-05 22:00:29,0.0000056700,710479.57371,b,l
2026-02-05 22:00:29,0.0000056700,2697575.42629,b,l
2026-02-05 22:00:46,0.0000056700,13500000.00000,s,l
2026-02-05 22:00:46,0.0000056700,6500000.00000,s,l
2026-02-05 22:00:51,0.0000056800,1115387.00000,s,l
2026-02-05 22:01:07,0.0000056700,2597113.71680,s,l
2026-02-05 22:01:24,0.0000056600,2683902.34815,b,l
2026-02-05 22:01:35,0.0000056600,13500000.00000,s,m
2026-02-05 22:01:35,0.0000056600,98055237.78395,s,m
2026-02-05 22:01:35,0.0000056600,441502663.10000,s,m
2026-02-05 22:01:35,0.0000056600,259042400.40309,s,m
2026-02-05 22:02:16,0.0000056600,8104240.28269,b,m
2026-02-05 22:02:49,0.0000056600,4219302.00000,b,l
2026-02-05 22:03:48,0.0000056700,3731922.39858,b,m
2026-02-05 22:03:49,0.0000056600,238320.72577,s,l
2026-02-05 22:04:02,0.0000056600,6222687.00000,b,l
2026-02-05 22:04:24,0.0000056500,8509679.00000,s,l
2026-02-05 22:04:34,0.0000056600,13500000.00000,s,l
2026-02-05 22:04:34,0.0000056600,74839222.61484,s,l
2026-02-05 22:05:29,0.0000056700,411950.86602,s,l
2026-02-05 22:05:36,0.0000056700,2025265.00000,b,l
2026-02-05 22:07:12,0.0000056300,710479.57371,s,l
2026-02-05 22:07:16,0.0000056300,13500000.00000,b,l
2026-02-05 22:07:16,0.0000056300,75152482.26950,b,l
2026-02-05 22:08:13,0.0000056300,240000000.00000,s,l
2026-02-05 22:08:13,0.0000056300,80000000.00000,s,l
2026-02-05 22:08:13,0.0000056300,80000000.00000,s,l
2026-02-05 22:08:13,0.0000056300,80000000.00000,s,l
2026-02-05 22:08:13,0.0000056300,7792900.00000,s,l
2026-02-05 22:08:13,0.0000056300,30439000.00000,s,l
2026-02-05 22:08:21,0.0000056300,4737674.00000,b,l
2026-02-05 22:08:45,0.0000056400,13500000.00000,s,l
2026-02-05 22:08:45,0.0000056400,75152482.26950,s,l
2026-02-05 22:08:53,0.0000056700,710479.57371,b,l
2026-02-05 22:08:58,0.0000056800,8802816.90141,b,m
2026-02-05 22:09:50,0.0000056900,13500000.00000,s,l
2026-02-05 22:09:50,0.0000056900,74528169.01408,s,l
2026-02-05 22:09:58,0.0000056800,533410.00000,s,l
2026-02-05 22:10:02,0.0000057000,10677000.00000,b,l
2026-02-05 22:10:02,0.0000057000,64.30955,b,l
2026-02-05 22:10:15,0.0000057000,6180800.00000,b,l
2026-02-05 22:11:04,0.0000056700,1593863.00000,b,l
2026-02-05 22:12:59,0.0000056800,42118741.00000,b,l
2026-02-05 22:13:10,0.0000056800,1922161.00000,b,l
2026-02-05 22:13:20,0.0000056700,168772.00000,b,l
2026-02-05 22:13:38,0.0000056600,13500000.00000,s,l
2026-02-05 22:13:38,0.0000056600,98055237.78395,s,l
2026-02-05 22:13:38,0.0000056600,72092477.21605,s,l
2026-02-05 22:13:49,0.0000056600,596901.00000,s,l
2026-02-05 22:14:17,0.0000056600,11286681.71557,b,l
2026-02-05 22:14:43,0.0000056600,13500000.00000,s,l
2026-02-05 22:14:43,0.0000056600,98055237.78395,s,l
2026-02-05 22:14:43,0.0000056600,441479273.40000,s,l
2026-02-05 22:14:43,0.0000056600,441479273.40000,s,l
2026-02-05 22:14:43,0.0000056600,129418817.36425,s,l
2026-02-05 22:15:23,0.0000056500,13500000.00000,s,l
2026-02-05 22:15:23,0.0000056500,850426811.87411,s,l
2026-02-05 22:15:23,0.0000056500,98055237.78395,s,l
2026-02-05 22:15:23,0.0000056500,61207774.32484,s,l
2026-02-05 22:15:58,0.0000056500,3539800.00000,s,l
2026-02-05 22:15:58,0.0000056500,23.00885,s,l
2026-02-05 22:17:07,0.0000056400,13500000.00000,b,m
2026-02-05 22:17:07,0.0000056400,1013734446.61162,b,m
2026-02-05 22:17:07,0.0000056400,98055237.78395,b,m
2026-02-05 22:17:07,0.0000056500,98055237.78395,b,m
2026-02-05 22:17:07,0.0000056500,95126387.61062,b,m
2026-02-05 22:17:08,0.0000056400,320850.00000,b,l
2026-02-05 22:17:18,0.0000056400,3387390.00000,b,l
2026-02-05 22:17:20,0.0000056300,710400.00000,s,l
2026-02-05 22:17:21,0.0000056300,79.57371,s,l
2026-02-05 22:17:39,0.0000056100,719243.00000,s,l
2026-02-05 22:17:51,0.0000056000,27447000.00000,s,l
2026-02-05 22:17:51,0.0000056000,72553000.00000,s,l
2026-02-05 22:17:51,0.0000056000,58187317.04526,s,l
2026-02-05 22:17:51,0.0000056000,10677000.00000,s,l
2026-02-05 22:17:51,0.0000056000,8812100.00000,s,l
2026-02-05 22:17:51,0.0000056000,64465000.00000,s,l
2026-02-05 22:17:51,0.0000056000,140510964.28571,s,l
2026-02-05 22:17:53,0.0000055900,10865300.00000,s,l
2026-02-05 22:17:53,0.0000055900,93.55654,s,l
2026-02-05 22:17:54,0.0000055800,9279569.89247,s,l
2026-02-05 22:17:54,0.0000055800,2733820.10753,s,l
2026-02-05 22:17:55,0.0000055700,3118096.00000,s,l
2026-02-05 22:17:55,0.0000055700,825082.50825,s,m
2026-02-05 22:17:56,0.0000055800,3860267.25663,b,m
2026-02-05 22:17:57,0.0000055800,13500000.00000,s,m
2026-02-05 22:17:57,0.0000055800,98055237.78395,s,m
2026-02-05 22:17:57,0.0000055700,368287.25287,s,m
2026-02-05 22:17:57,0.0000055700,13500000.00000,s,m
2026-02-05 22:17:57,0.0000055700,74576474.96318,s,m
2026-02-05 22:17:58,0.0000055900,13500000.00000,b,l
2026-02-05 22:17:58,0.0000055900,71218149.00000,b,l
2026-02-05 22:18:16,0.0000055800,207782.00000,s,l
2026-02-05 22:18:54,0.0000056000,2878148.19560,b,m
2026-02-05 22:19:05,0.0000056000,222568.00000,b,l
2026-02-05 22:19:06,0.0000055900,647999.65224,s,l
2026-02-05 22:19:20,0.0000056000,3860267.25663,s,m
2026-02-05 22:19:28,0.0000056300,3883239.71377,b,m
2026-02-05 22:20:46,0.0000056000,6603575.00000,b,l
2026-02-05 22:21:11,0.0000055800,2874021.81830,s,m
2026-02-05 22:21:19,0.0000055900,2947681.00000,s,l
2026-02-05 22:21:24,0.0000056000,2937000.00000,b,l
2026-02-05 22:21:24,0.0000056000,14151175.00000,b,l
2026-02-05 22:22:06,0.0000055700,16627293.00000,s,l
2026-02-05 22:22:09,0.0000055900,60730457.00000,b,l
2026-02-05 22:22:48,0.0000055900,953488.37209,b,m
2026-02-05 22:22:53,0.0000055800,1075268.81720,s,l
2026-02-05 22:24:24,0.0000055800,9794263.06884,b,l
2026-02-05 22:24:37,0.0000055800,17284143.00000,b,l
2026-02-05 22:24:42,0.0000055800,199124.00000,b,l
2026-02-05 22:24:50,0.0000055900,38071719.00000,b,l
2026-02-05 22:25:01,0.0000055900,1435938.02256,b,l
2026-02-05 22:25:01,0.0000055900,282652361.97744,b,l
2026-02-05 22:25:02,0.0000055900,19.35353,b,l
2026-02-05 22:25:20,0.0000056000,3882476.34201,b,m
2026-02-05 22:25:36,0.0000056000,17118744.00000,b,l
2026-02-05 22:26:24,0.0000056100,1705771.00000,b,l
2026-02-05 22:27:16,0.0000056100,1764882.00000,b,l
2026-02-05 22:27:29,0.0000056100,11000000.00000,b,l
2026-02-05 22:28:27,0.0000056700,710400.00000,b,l
2026-02-05 22:28:30,0.0000056800,362968.42526,b,l
2026-02-05 22:28:36,0.0000057000,10677064.30955,b,l
2026-02-05 22:28:36,0.0000057000,132720831.11257,b,l
2026-02-05 22:29:02,0.0000057300,2521765.73426,b,l
2026-02-05 22:29:08,0.0000057200,958569.47608,b,m
2026-02-05 22:29:08,0.0000057200,466704.30680,b,m
2026-02-05 22:29:08,0.0000057200,265809.13937,b,m
2026-02-05 22:29:08,0.0000057200,444664.73369,b,m
2026-02-05 22:29:08,0.0000057200,737805.29880,b,m
2026-02-05 22:29:08,0.0000057200,1435938.02256,b,m
2026-02-05 22:29:13,0.0000057200,10045480.84400,b,l
2026-02-05 22:29:13,0.0000057200,701522.88417,b,l
2026-02-05 22:29:46,0.0000057300,2563699.82547,s,l
2026-02-05 22:30:04,0.0000057400,40601957.58075,b,l
2026-02-05 22:30:28,0.0000057300,16596623.41795,s,l
2026-02-05 22:30:30,0.0000057400,7897142.00000,s,l
2026-02-05 22:30:33,0.0000057500,1591555.97178,b,l
2026-02-05 22:30:35,0.0000057500,3883239.71377,s,m
2026-02-05 22:31:00,0.0000057300,174520.06980,s,l
2026-02-05 22:31:09,0.0000057100,17513134.85114,s,l
2026-02-05 22:31:09,0.0000057100,58551139.55473,b,l
2026-02-05 22:31:18,0.0000057000,192982.45614,s,l
2026-02-05 22:31:24,0.0000057000,674842.10526,b,l
2026-02-05 22:31:34,0.0000057100,16991632.00000,b,l
2026-02-05 22:31:46,0.0000057000,171981.00000,b,l
2026-02-05 22:32:22,0.0000056800,3882476.34201,s,m
2026-02-05 22:32:54,0.0000057000,3351796.00000,b,l
2026-02-05 22:33:04,0.0000057000,98055237.78395,b,m
2026-02-05 22:33:04,0.0000057000,2269856.99831,b,m
2026-02-05 22:33:04,0.0000057000,45638564.64352,b,m
2026-02-05 22:33:04,0.0000057000,210312135.97000,b,m
2026-02-05 22:33:04,0.0000057000,423839992.98246,b,m
2026-02-05 22:33:14,0.0000056900,1286467.48681,s,l
2026-02-05 22:33:46,0.0000056800,3685547.00000,b,l
2026-02-05 22:34:04,0.0000056800,16817888.00000,b,l
2026-02-05 22:34:23,0.0000056800,21840543.00000,b,l
2026-02-05 22:34:43,0.0000056800,238964.83496,s,l
2026-02-05 22:35:23,0.0000056700,6794181.95031,s,l
2026-02-05 22:35:27,0.0000056900,1010544.81547,b,m
2026-02-05 22:35:29,0.0000056800,465401.00000,s,l
2026-02-05 22:35:56,0.0000056800,12957931.00000,s,l
2026-02-05 22:36:21,0.0000056800,21806713.00000,s,l
2026-02-05 22:36:46,0.0000056900,1010850.00000,b,l
2026-02-05 22:38:28,0.0000056800,52173461.20000,s,m
2026-02-05 22:38:28,0.0000056800,87882560.90049,s,m
2026-02-05 22:39:04,0.0000056700,17636684.30335,s,l
2026-02-05 22:39:08,0.0000056700,1696402.11640,b,l
2026-02-05 22:39:44,0.0000056800,7581373.00000,b,l
2026-02-05 22:39:47,0.0000056600,1151621.90814,s,l
2026-02-05 22:39:50,0.0000056800,2279180.00000,b,l
2026-02-05 22:40:38,0.0000056800,98055237.78395,b,m
2026-02-05 22:40:38,0.0000056800,2267582.13263,b,m
2026-02-05 22:40:38,0.0000056800,39173658.45070,b,m
2026-02-05 22:40:44,0.0000056700,278664338.60846,s,m
2026-02-05 22:40:44,0.0000056700,98055237.78395,s,m
2026-02-05 22:40:44,0.0000056600,96903615.87581,s,m
2026-02-05 22:40:44,0.0000056600,8116271.80200,s,m
2026-02-05 22:40:44,0.0000056600,664310.95406,s,m
2026-02-05 22:40:44,0.0000056600,121693801.32983,s,m
2026-02-05 22:40:44,0.0000056600,99020000.00000,s,m
2026-02-05 22:40:44,0.0000056600,96882423.64589,s,m
2026-02-05 22:40:44,0.0000056800,571130.00000,b,l
2026-02-05 22:41:58,0.0000056900,278664338.60846,b,l
2026-02-05 22:42:02,0.0000057000,63067078.00000,b,l
2026-02-05 22:42:24,0.0000056900,5589215.00000,b,l
2026-02-05 22:42:53,0.0000057000,1005539.00000,b,l
2026-02-05 22:43:35,0.0000057000,675017.54385,b,l
2026-02-05 22:43:53,0.0000057000,8303877.83251,s,l
2026-02-05 22:44:00,0.0000057100,1675898.00000,b,l
2026-02-05 22:44:57,0.0000057100,15000000.00000,b,l
2026-02-05 22:45:52,0.0000057100,98055237.78395,s,l
2026-02-05 22:45:52,0.0000057100,83309289.21605,s,l
2026-02-05 22:45:53,0.0000057100,1600000.00000,s,l
2026-02-05 22:46:03,0.0000057200,1672968.00000,b,l
2026-02-05 22:47:39,0.0000057000,1754385.96491,b,m
2026-02-05 22:49:08,0.0000057100,538696.00000,b,l
2026-02-05 22:49:47,0.0000057300,9602779.00000,b,l
2026-02-05 22:50:20,0.0000057200,716004.00000,s,l
2026-02-05 22:50:52,0.0000057200,2239808.00000,s,l
2026-02-05 22:52:00,0.0000057400,3135888.50174,b,m
2026-02-05 22:52:26,0.0000057600,710479.57371,b,l
2026-02-05 22:52:36,0.0000057500,1733102.25303,b,m
2026-02-05 22:52:50,0.0000057400,2524870.00000,b,l
2026-02-05 22:53:24,0.0000057500,1680319.00000,b,l
2026-02-05 22:53:48,0.0000057500,16710069.44444,b,l
2026-02-05 22:54:52,0.0000057300,27525876.00000,s,l
2026-02-05 22:55:04,0.0000057300,17452006.98080,s,l
2026-02-05 22:55:05,0.0000057300,500300.00000,b,l
2026-02-05 22:55:21,0.0000057200,710479.57371,s,l
2026-02-05 22:55:22,0.0000057100,277688283.70577,s,l
2026-02-05 22:55:22,0.0000057100,348432.05574,s,l
2026-02-05 22:55:22,0.0000057100,18764893.59400,s,l
2026-02-05 22:55:23,0.0000057100,637051.00000,b,l
2026-02-05 22:56:14,0.0000057200,337826425.00000,b,l
2026-02-05 22:56:30,0.0000057100,33517961.00000,b,l
2026-02-05 22:57:09,0.0000057300,3976386.00000,b,l
2026-02-05 22:57:44,0.0000057300,16700485.00000,b,l
2026-02-05 22:58:05,0.0000057200,98055237.78395,b,l
2026-02-05 22:58:05,0.0000057200,154872399.21605,b,l
2026-02-05 22:58:54,0.0000057200,1748251.74825,b,m
2026-02-05 23:00:13,0.0000057000,350877.19298,s,l
2026-02-05 23:00:13,0.0000056900,3759767.71071,s,l
2026-02-05 23:00:18,0.0000057100,30000000.00000,b,m
2026-02-05 23:00:38,0.0000057000,1909223.00000,s,l
2026-02-05 23:01:56,0.0000057000,196110475.56789,b,l
2026-02-05 23:02:06,0.0000057000,81577808.13788,b,l
2026-02-05 23:02:42,0.0000057200,1582717.00000,b,l
2026-02-05 23:02:42,0.0000057200,501890.00000,b,l
2026-02-05 23:02:59,0.0000057300,250482.00000,b,l
2026-02-05 23:03:22,0.0000057300,829327.00000,b,l
2026-02-05 23:03:33,0.0000057400,65370158.52263,b,l
2026-02-05 23:03:44,0.0000057400,475840.83963,s,l
2026-02-05 23:04:20,0.0000057500,12416962.00000,s,l
2026-02-05 23:04:35,0.0000057600,710479.57371,b,l
2026-02-05 23:04:35,0.0000057600,2612221.42629,b,l
2026-02-05 23:04:44,0.0000057700,362968.42526,b,l
2026-02-05 23:05:28,0.0000057800,83435542.00000,b,l
2026-02-05 23:05:39,0.0000057900,2240112.00000,b,l
2026-02-05 23:05:44,0.0000057800,1028532.00000,b,l
2026-02-05 23:06:04,0.0000057700,173086.27768,b,l
2026-02-05 23:06:04,0.0000057700,173086.27768,b,l
2026-02-05 23:06:18,0.0000057800,47486102.00000,b,l
2026-02-05 23:06:59,0.0000057800,47621989.00000,b,l
2026-02-05 23:07:06,0.0000057800,5516273.00000,b,l
2026-02-05 23:07:48,0.0000057700,5862764.00000,s,l
2026-02-05 23:08:46,0.0000057700,626902.00000,b,l
2026-02-05 23:09:32,0.0000057700,135150000.00000,b,l
2026-02-05 23:10:05,0.0000057800,116850000.00000,b,l
2026-02-05 23:10:11,0.0000057900,8436952.30955,b,l
2026-02-05 23:10:13,0.0000058000,1137589.00000,b,l
2026-02-05 23:10:19,0.0000058000,3305485.00000,b,l
2026-02-05 23:10:24,0.0000058000,995793.10344,b,l
2026-02-05 23:10:49,0.0000058000,99855172.41379,b,m
2026-02-05 23:11:03,0.0000058000,398362.06896,b,l
2026-02-05 23:12:01,0.0000058000,16526465.51725,b,l
2026-02-05 23:12:01,0.0000058000,957.48275,b,l
2026-02-05 23:13:03,0.0000057900,3065630.39723,b,l
2026-02-05 23:13:51,0.0000057900,1652742.00000,b,l
2026-02-05 23:15:12,0.0000057800,207350000.00000,s,l
2026-02-05 23:16:05,0.0000057700,8000000.00000,s,l
2026-02-05 23:16:39,0.0000057700,419598.00000,b,l
2026-02-05 23:16:43,0.0000057600,82465200.00000,s,l
2026-02-05 23:16:43,0.0000057600,77.77777,s,l
2026-02-05 23:17:59,0.0000057600,117240000.00000,b,l
2026-02-05 23:21:16,0.0000057300,1670049.00000,b,l
2026-02-05 23:21:21,0.0000057300,22581561.00000,b,l
2026-02-05 23:21:33,0.0000057200,710479.57371,s,l
2026-02-05 23:21:56,0.0000057100,31218700.00000,s,m
2026-02-05 23:21:56,0.0000057100,2926788.51592,s,m
2026-02-05 23:23:21,0.0000057200,4222830.00000,b,l
2026-02-05 23:24:31,0.0000057000,15000000.00000,s,l
2026-02-05 23:25:01,0.0000057000,133907315.03200,b,l
2026-02-05 23:25:14,0.0000057000,2016667.00000,s,l
2026-02-05 23:25:19,0.0000057100,250979.02097,b,l
2026-02-05 23:25:34,0.0000057200,1570316.00000,b,l
2026-02-05 23:25:42,0.0000057100,242329.00000,s,l
2026-02-05 23:27:01,0.0000057300,6967090.00000,b,l
2026-02-05 23:27:01,0.0000057300,4322028.00000,b,l
2026-02-05 23:27:12,0.0000057200,3964398.00000,s,l
2026-02-05 23:27:30,0.0000057300,87260034.90401,b,m
2026-02-05 23:28:02,0.0000057400,5413200.00000,b,l
2026-02-05 23:28:21,0.0000057400,24015540.00000,b,l
2026-02-05 23:28:45,0.0000057500,31218700.00000,b,m
2026-02-05 23:28:45,0.0000057500,332570.81507,b,m
2026-02-05 23:30:09,0.0000057500,8126482.00000,b,l
2026-02-05 23:30:26,0.0000057400,3673769.28728,s,m
2026-02-05 23:31:10,0.0000057500,100869565.21739,b,m
2026-02-05 23:31:42,0.0000057500,3243309.00000,s,l
2026-02-05 23:32:17,0.0000057600,710479.57371,b,l
2026-02-05 23:32:17,0.0000057600,950870.42629,b,l
2026-02-05 23:33:05,0.0000057400,8936200.00000,s,l
2026-02-05 23:33:05,0.0000057400,78171800.00000,s,l
2026-02-05 23:33:09,0.0000057400,13.93728,s,l
2026-02-05 23:33:51,0.0000057300,18947581.10012,s,l
2026-02-05 23:33:59,0.0000057400,191637630.66202,b,m
2026-02-05 23:34:01,0.0000057300,9984905.14972,b,l
2026-02-05 23:34:28,0.0000057300,249530.00000,b,l
2026-02-05 23:34:32,0.0000057200,710479.57371,s,m
2026-02-05 23:34:32,0.0000057100,31218700.00000,s,m
2026-02-05 23:34:32,0.0000057100,67526572.15042,s,m
2026-02-05 23:35:12,0.0000057000,950777300.00000,s,l
2026-02-05 23:35:12,0.0000057000,52.64551,s,l
2026-02-05 23:35:13,0.0000056900,702987.69771,s,l
2026-02-05 23:35:13,0.0000056900,278176309.29173,s,l
2026-02-05 23:35:26,0.0000056900,31218700.00000,s,l
2026-02-05 23:35:26,0.0000056900,59385230.99813,s,l
2026-02-05 23:35:28,0.0000057000,3253199.00000,b,l
2026-02-05 23:35:33,0.0000056900,1716662.53121,s,l
2026-02-05 23:36:13,0.0000056800,10862070.42312,s,l
2026-02-05 23:36:21,0.0000056800,338084.35852,b,l
2026-02-05 23:38:40,0.0000056900,397429.00000,b,l
2026-02-05 23:38:58,0.0000057000,1681789.00000,b,l
2026-02-05 23:40:01,0.0000056800,29431303.00000,b,l
2026-02-05 23:40:09,0.0000056800,16173597.00000,b,l
2026-02-05 23:41:49,0.0000056700,13227500.00000,s,l
2026-02-05 23:41:49,0.0000056700,13.22751,s,l
2026-02-05 23:41:57,0.0000056700,1684750.00000,b,l
2026-02-05 23:42:50,0.0000056600,368171.37788,s,l
2026-02-05 23:42:50,0.0000056600,9914169.62212,s,l
2026-02-05 23:43:05,0.0000056700,3187296.00000,s,l
2026-02-05 23:43:20,0.0000056800,176056338.02817,b,m
2026-02-05 23:43:44,0.0000056800,3402055.00000,b,l
2026-02-05 23:44:18,0.0000056800,1684750.00000,b,l
2026-02-05 23:44:49,0.0000056600,21304530.37788,s,m
2026-02-05 23:44:49,0.0000056600,54626.24010,s,m
2026-02-05 23:45:55,0.0000056700,2556041.00000,b,l
2026-02-05 23:47:10,0.0000056800,16173597.00000,b,l
2026-02-05 23:48:41,0.0000056600,4025563.00000,b,l
2026-02-05 23:48:43,0.0000056500,1615191.15131,s,l
2026-02-05 23:48:43,0.0000056500,707908.84869,s,l
2026-02-05 23:48:43,0.0000056500,55.75307,s,l
2026-02-05 23:49:13,0.0000056700,3392821.86948,b,l
2026-02-05 23:49:13,0.0000056700,18634300.00000,b,l
2026-02-05 23:49:13,0.0000056700,13227547.39408,b,l
2026-02-05 23:49:29,0.0000056800,204483.00000,b,l
2026-02-05 23:49:29,0.0000056800,8438605.00000,b,l
2026-02-05 23:51:10,0.0000056600,2583447.00000,b,l
2026-02-05 23:51:17,0.0000056600,28635253.00000,b,l
2026-02-05 23:51:17,0.0000056600,55899888.00000,b,l
2026-02-05 23:51:31,0.0000056600,8732480.00000,b,l
2026-02-05 23:52:20,0.0000056400,10872100.00000,s,l
2026-02-05 23:52:20,0.0000056400,95.03546,s,l
2026-02-05 23:52:25,0.0000056400,4241746.00000,b,l
2026-02-05 23:52:29,0.0000056400,171309.00000,b,l
2026-02-05 23:52:32,0.0000056300,221456.54556,s,l
2026-02-05 23:53:14,0.0000056100,11940400.00000,b,l
2026-02-05 23:53:47,0.0000056100,3529765.00000,b,l
2026-02-05 23:54:36,0.0000056100,189448.00000,b,l
2026-02-05 23:56:00,0.0000056200,17233505.00000,b,l
2026-02-05 23:56:25,0.0000056100,1594555.47781,s,l
2026-02-05 23:56:46,0.0000056200,376305.00000,b,l
2026-02-05 23:58:44,0.0000056200,3411543.00000,b,l
2026-02-05 23:59:26,0.0000056000,10677064.30955,s,l
2026-02-05 23:59:50,0.0000056200,2694484.00000,b,l
2026-02-06 00:01:20,0.0000056500,8565457.00000,b,l
2026-02-06 00:01:35,0.0000056400,98055237.78395,s,l
2026-02-06 00:01:35,0.0000056400,1047208683.25395,s,l
2026-02-06 00:02:29,0.0000056200,1245551.60142,s,l
2026-02-06 00:02:37,0.0000056100,1709964.41281,b,l
2026-02-06 00:03:12,0.0000055900,10865393.55654,s,l
2026-02-06 00:03:12,0.0000055800,39286326.14336,s,l
2026-02-06 00:03:12,0.0000055800,749723497.68589,s,l
2026-02-06 00:03:12,0.0000055800,215053676.17075,s,l
2026-02-06 00:03:12,0.0000055800,87.27011,s,l
2026-02-06 00:03:17,0.0000055700,368287.25287,s,l
2026-02-06 00:03:20,0.0000055600,1612404.67613,s,m
2026-02-06 00:03:20,0.0000055600,29938866.13894,s,m
2026-02-06 00:03:20,0.0000055600,826446.28099,s,m
2026-02-06 00:03:22,0.0000055500,415665.00000,s,l
2026-02-06 00:03:22,0.0000055500,829187.39635,s,m
2026-02-06 00:03:26,0.0000055700,492065100.00000,b,l
2026-02-06 00:03:48,0.0000056100,3252561.00000,b,l
2026-02-06 00:04:19,0.0000056000,3868674.41631,b,m
2026-02-06 00:04:53,0.0000055800,4491487.00000,s,l
2026-02-06 00:05:13,0.0000056000,4279686.00000,b,l
2026-02-06 00:05:28,0.0000055800,35225842.00000,b,l
2026-02-06 00:05:43,0.0000055500,16606600.00000,s,l
2026-02-06 00:05:43,0.0000055500,82148547.60365,s,l
2026-02-06 00:05:43,0.0000055500,1000000.00000,s,l
2026-02-06 00:05:43,0.0000055500,300516.56458,s,l
2026-02-06 00:05:43,0.0000055500,872727.27272,s,l
2026-02-06 00:05:43,0.0000055500,180180.18018,s,l
2026-02-06 00:05:43,0.0000055500,1801801.80181,s,l
2026-02-06 00:05:43,0.0000055500,98696226.57706,s,l
2026-02-06 00:05:43,0.0000055500,174127900.00000,s,l
2026-02-06 00:05:43,0.0000055500,54632900.00000,s,l
2026-02-06 00:05:43,0.0000055500,32903333.78330,s,l
2026-02-06 00:05:43,0.0000055500,30516666.21670,s,l
2026-02-06 00:05:43,0.0000055500,11909009.13941,s,l
2026-02-06 00:05:43,0.0000055500,35503484.00000,b,l
2026-02-06 00:05:45,0.0000055400,9025270.75812,s,l
2026-02-06 00:05:45,0.0000055400,180505.41517,s,l
2026-02-06 00:05:45,0.0000055400,245572418.76895,s,l
2026-02-06 00:05:45,0.0000055500,180505.41517,b,m
2026-02-06 00:05:45,0.0000055500,54151624.54874,b,m
2026-02-06 00:05:45,0.0000055500,8219623.82004,b,l
2026-02-06 00:05:45,0.0000055500,405601.17996,b,l
2026-02-06 00:05:52,0.0000055300,100000000.00000,s,l
2026-02-06 00:05:52,0.0000055300,43942133.81556,s,l
2026-02-06 00:05:52,0.0000055300,18083182.64014,s,l
2026-02-06 00:05:52,0.0000055300,2000000.00000,s,l
2026-02-06 00:05:53,0.0000055300,7108868.00000,b,l
2026-02-06 00:05:53,0.0000055300,3607617.00000,b,l
2026-02-06 00:05:59,0.0000055300,1777217.00000,b,l
2026-02-06 00:06:03,0.0000055200,31218700.00000,s,l
2026-02-06 00:06:03,0.0000055200,29771572.75035,s,l
2026-02-06 00:06:03,0.0000055200,10327344.99700,s,l
2026-02-06 00:06:03,0.0000055200,928682382.25265,s,l
2026-02-06 00:06:08,0.0000055200,3546099.29078,s,m
2026-02-06 00:06:16,0.0000055200,178482.00000,b,l
2026-02-06 00:06:21,0.0000055100,16000000.00000,s,l
2026-02-06 00:06:21,0.0000055100,31218700.00000,s,l
2026-02-06 00:06:25,0.0000055000,1000000.00000,s,l
2026-02-06 00:06:25,0.0000055000,2181818.18181,s,l
2026-02-06 00:06:25,0.0000055000,9090909.09090,s,l
2026-02-06 00:06:25,0.0000055000,500000.00000,s,l
2026-02-06 00:06:25,0.0000055000,1818181.81818,s,l
2026-02-06 00:06:25,0.0000055000,2727272.72727,s,l
2026-02-06 00:06:25,0.0000055000,45454545.45454,s,l
2026-02-06 00:06:25,0.0000055000,18181818.18181,s,l
2026-02-06 00:06:25,0.0000055000,1818181.81818,s,l
2026-02-06 00:06:25,0.0000055000,163636363.63637,s,l
2026-02-06 00:06:25,0.0000055000,909090.90909,s,l
2026-02-06 00:06:25,0.0000055000,2000000.00000,s,l
2026-02-06 00:06:25,0.0000055000,363636.36363,s,l
2026-02-06 00:06:25,0.0000055000,1818181.81819,s,l
2026-02-06 00:06:25,0.0000055000,160000.00000,s,l
2026-02-06 00:06:25,0.0000055000,10000000.00000,s,l
2026-02-06 00:06:25,0.0000055000,1818181.81819,s,l
2026-02-06 00:06:25,0.0000055000,207516363.63636,s,l
2026-02-06 00:06:25,0.0000055000,36363636.36364,s,l
2026-02-06 00:06:25,0.0000055000,50000000.00000,s,l
2026-02-06 00:06:25,0.0000055000,49800796.81274,s,l
2026-02-06 00:06:25,0.0000055000,18181818.18182,s,l
2026-02-06 00:06:25,0.0000055000,909090.90909,s,l
2026-02-06 00:06:25,0.0000055000,125523012.55230,s,l
2026-02-06 00:06:25,0.0000055000,90909090.90909,s,l
2026-02-06 00:06:25,0.0000055000,48074545.45454,s,l
2026-02-06 00:06:25,0.0000055000,9090909.09090,s,l
2026-02-06 00:06:25,0.0000055000,545454.00000,s,l
2026-02-06 00:06:25,0.0000055000,400000.00000,s,l
2026-02-06 00:06:25,0.0000055000,363636.36363,s,l
2026-02-06 00:06:25,0.0000055000,10827709.09576,s,l
2026-02-06 00:06:25,0.0000055000,8021156.04400,s,l
2026-02-06 00:06:25,0.0000055100,1818181.81819,b,m
2026-02-06 00:06:27,0.0000055100,9051781.00000,b,l
2026-02-06 00:06:28,0.0000055000,1733102.25304,s,m
2026-02-06 00:06:28,0.0000055100,820112900.00000,b,l
2026-02-06 00:06:28,0.0000055100,8.16370,b,l
2026-02-06 00:06:33,0.0000055000,4900000.00000,s,m
2026-02-06 00:06:41,0.0000055000,14545455.00000,b,l
2026-02-06 00:06:41,0.0000055000,179131.00000,b,l
2026-02-06 00:06:41,0.0000055000,909091.00000,b,l
2026-02-06 00:06:43,0.0000055000,35826243.00000,b,l
2026-02-06 00:06:44,0.0000055000,2924364.51790,b,m
2026-02-06 00:06:46,0.0000054900,2986055.12257,s,m
2026-02-06 00:06:46,0.0000054900,31218700.00000,s,m
2026-02-06 00:06:46,0.0000054900,48741808.36037,s,m
2026-02-06 00:06:46,0.0000054900,64977861.66504,s,m
2026-02-06 00:06:46,0.0000054900,41034072.28800,s,m
2026-02-06 00:06:46,0.0000054900,74053552.83779,s,m
2026-02-06 00:06:46,0.0000054900,10542071.32900,s,m
2026-02-06 00:06:46,0.0000054900,98055237.78395,s,m
2026-02-06 00:06:46,0.0000054900,1143658976.75567,s,m
2026-02-06 00:06:46,0.0000054900,214095849.85267,s,m
2026-02-06 00:06:46,0.0000054900,454954914.00000,s,m
2026-02-06 00:06:46,0.0000054900,346440242.82941,s,m
2026-02-06 00:06:54,0.0000055100,272232304.90018,b,l
2026-02-06 00:06:54,0.0000055100,36845766.99960,b,l
2026-02-06 00:06:54,0.0000055100,49062328.10022,b,l
2026-02-06 00:06:57,0.0000055300,185000000.00000,b,l
2026-02-06 00:06:57,0.0000055300,63420000.00000,b,l
2026-02-06 00:06:57,0.0000055300,265196946.04564,b,l
2026-02-06 00:06:57,0.0000055300,76169253.95436,b,l
2026-02-06 00:07:13,0.0000055400,499850.35541,s,m
2026-02-06 00:07:13,0.0000055400,500149.64459,s,m
2026-02-06 00:07:17,0.0000055300,10677064.30955,s,l
2026-02-06 00:07:27,0.0000055400,1801801.80181,b,m
2026-02-06 00:07:46,0.0000055600,1438848.92086,b,m
2026-02-06 00:08:10,0.0000055300,29456816.00000,s,l
2026-02-06 00:08:14,0.0000055300,9865400.00000,s,l
2026-02-06 00:08:14,0.0000055300,46.80300,s,l
2026-02-06 00:08:27,0.0000055200,1730448.00000,b,l
2026-02-06 00:08:45,0.0000055100,34429164.08500,s,l
2026-02-06 00:08:45,0.0000055100,886069.74881,s,l
2026-02-06 00:09:04,0.0000055000,28293230.27908,s,l
2026-02-06 00:09:09,0.0000055000,1739887.00000,b,l
2026-02-06 00:09:10,0.0000054900,2904461.85550,s,m
2026-02-06 00:09:12,0.0000054900,26376800.00000,s,l
2026-02-06 00:09:13,0.0000054800,182481.75182,s,l
2026-02-06 00:09:13,0.0000054800,47264370.08195,s,l
2026-02-06 00:09:13,0.0000054800,18034590.00000,b,l
2026-02-06 00:09:14,0.0000054700,302906700.00000,s,l
2026-02-06 00:09:15,0.0000054700,64.16819,s,l
2026-02-06 00:09:16,0.0000054700,6533495.00000,b,l
2026-02-06 00:09:18,0.0000054700,12718659.00000,b,l
2026-02-06 00:09:19,0.0000054600,183100.00000,s,l
2026-02-06 00:09:19,0.0000054600,50.18316,s,m
2026-02-06 00:09:19,0.0000054500,275229.35779,s,m
2026-02-06 00:09:19,0.0000054500,1124720.45905,s,m
2026-02-06 00:09:22,0.0000054700,11966546.00000,b,l
2026-02-06 00:09:22,0.0000054700,23902103.00000,b,l
2026-02-06 00:09:24,0.0000054600,16641300.00000,s,l
2026-02-06 00:09:26,0.0000054600,58.01949,s,l
2026-02-06 00:09:28,0.0000054500,637051.00000,s,l
2026-02-06 00:09:44,0.0000054900,15101500.00000,s,l
2026-02-06 00:09:44,0.0000054900,67.53227,s,l
2026-02-06 00:09:45,0.0000054900,12018849.73103,s,l
2026-02-06 00:09:47,0.0000054900,362968.42526,s,l
2026-02-06 00:09:58,0.0000054900,13025660.61032,s,m
2026-02-06 00:09:58,0.0000054900,98055237.78395,s,m
2026-02-06 00:09:58,0.0000054900,31218700.00000,s,m
2026-02-06 00:09:58,0.0000054900,1500111.32996,s,m
2026-02-06 00:10:00,0.0000054900,11658100.00000,s,l
2026-02-06 00:10:12,0.0000055000,31218700.00000,s,l
2026-02-06 00:10:12,0.0000055000,59513277.06171,s,l
2026-02-06 00:10:20,0.0000054800,56020500.00000,s,l
2026-02-06 00:10:21,0.0000054800,474438301.55646,s,l
2026-02-06 00:10:21,0.0000054800,99541198.44354,s,l
2026-02-06 00:10:24,0.0000054700,3148919.00000,s,l
2026-02-06 00:10:37,0.0000054600,10964200.00000,s,l
2026-02-06 00:10:37,0.0000054600,24.85522,s,l
2026-02-06 00:10:43,0.0000054600,9929027.89753,s,l
2026-02-06 00:10:59,0.0000054700,3180392.14731,b,l
2026-02-06 00:11:00,0.0000054700,3180392.14731,b,l
2026-02-06 00:11:00,0.0000054700,3180392.14731,b,l
2026-02-06 00:11:01,0.0000054700,3180392.14731,b,l
2026-02-06 00:11:01,0.0000054600,509364399.80000,s,l
2026-02-06 00:11:01,0.0000054600,509364399.80000,s,l
2026-02-06 00:11:01,0.0000054600,9541176.44195,s,l
2026-02-06 00:11:03,0.0000054600,9541176.44195,s,l
2026-02-06 00:11:03,0.0000054600,7614421.61474,s,l
2026-02-06 00:11:11,0.0000054700,10021937.84278,b,m
2026-02-06 00:11:16,0.0000054500,8035500.00000,s,l
2026-02-06 00:11:16,0.0000054500,31.84644,s,l
2026-02-06 00:11:16,0.0000054500,15598816.00000,b,l
2026-02-06 00:11:18,0.0000054600,12925462.00000,b,l
2026-02-06 00:11:20,0.0000054400,7117492.05252,s,l
2026-02-06 00:11:20,0.0000054400,98055237.78395,s,l
2026-02-06 00:11:25,0.0000054200,276752.76752,s,l
2026-02-06 00:11:25,0.0000054200,1118547.23248,s,l
2026-02-06 00:11:25,0.0000054200,16599677.99913,s,l
2026-02-06 00:11:28,0.0000054300,155912775.91425,b,l
2026-02-06 00:11:28,0.0000054300,150000000.00000,b,l
2026-02-06 00:11:28,0.0000054300,171791420.20352,b,l
2026-02-06 00:11:28,0.0000054300,9621327.03900,b,l
2026-02-06 00:11:30,0.0000054400,5849600.00000,s,l
2026-02-06 00:11:43,0.0000054400,24046786.88711,b,l
2026-02-06 00:11:47,0.0000054300,844479.00000,b,l
2026-02-06 00:11:52,0.0000054400,266411.00000,b,l
2026-02-06 00:12:03,0.0000054100,52663516.23918,s,l
2026-02-06 00:12:03,0.0000054100,10870238.44905,s,l
2026-02-06 00:12:03,0.0000054100,31115145.31177,s,l
2026-02-06 00:12:03,0.0000054100,73.41897,s,l
2026-02-06 00:12:03,0.0000054100,25959780.62157,b,l
2026-02-06 00:12:05,0.0000054100,98055237.78395,s,l
2026-02-06 00:12:05,0.0000054100,31218700.00000,s,l
2026-02-06 00:12:05,0.0000054100,100146062.21605,s,l
2026-02-06 00:12:06,0.0000054200,9436900.00000,b,l
2026-02-06 00:12:06,0.0000054200,370000000.00000,b,l
2026-02-06 00:12:06,0.0000054200,189822095.67681,b,l
2026-02-06 00:12:06,0.0000054200,180177904.32319,b,l
2026-02-06 00:12:06,0.0000054200,185000000.00000,b,l
2026-02-06 00:12:06,0.0000054200,185000000.00000,b,l
2026-02-06 00:12:06,0.0000054200,10999013.01424,b,l
2026-02-06 00:12:06,0.0000054200,174000986.98576,b,l
2026-02-06 00:12:06,0.0000054200,185000000.00000,b,l
2026-02-06 00:12:07,0.0000054300,494897100.00000,b,l
2026-02-06 00:12:10,0.0000054300,3920108.25688,b,m
2026-02-06 00:12:13,0.0000054300,31218700.00000,s,l
2026-02-06 00:12:13,0.0000054300,3931783.42696,s,l
2026-02-06 00:12:13,0.0000054300,11897409.08178,s,l
2026-02-06 00:12:22,0.0000054500,3655200.00000,s,l
2026-02-06 00:12:22,0.0000054500,72.40033,s,l
2026-02-06 00:12:23,0.0000054500,4173020.00000,b,l
2026-02-06 00:12:24,0.0000054400,3508600.00000,s,l
2026-02-06 00:12:24,0.0000054400,20.04446,s,l
2026-02-06 00:12:24,0.0000054400,2758479.95554,s,l
2026-02-06 00:12:24,0.0000054400,156.24693,s,l
2026-02-06 00:12:34,0.0000054300,2266900.00000,s,l
2026-02-06 00:12:34,0.0000054300,88.60740,s,l
2026-02-06 00:12:46,0.0000054300,2266988.60740,s,l
2026-02-06 00:12:46,0.0000054300,19887707.39260,s,l
2026-02-06 00:12:47,0.0000054400,197189200.00000,b,l
2026-02-06 00:12:47,0.0000054400,185000000.00000,b,l
2026-02-06 00:12:47,0.0000054400,139790700.15704,b,l
2026-02-06 00:12:52,0.0000054300,1736900.00000,s,l
2026-02-06 00:12:52,0.0000054300,39.18234,s,l
2026-02-06 00:12:54,0.0000054200,1541300.00000,s,l
2026-02-06 00:12:54,0.0000054200,64.63278,s,l
2026-02-06 00:12:54,0.0000054200,939687.12132,s,l
2026-02-06 00:13:06,0.0000054300,8451774.00000,b,l
2026-02-06 00:13:08,0.0000054200,1191300.00000,s,l
2026-02-06 00:13:08,0.0000054200,85.24343,s,l
2026-02-06 00:13:10,0.0000054100,98055237.78395,b,l
2026-02-06 00:13:10,0.0000054100,18732259.86081,b,l
2026-02-06 00:13:14,0.0000054000,139790700.00000,s,l
2026-02-06 00:13:14,0.0000054000,45394485.18518,s,l
2026-02-06 00:13:14,0.0000054000,10000000.00000,s,l
2026-02-06 00:13:14,0.0000054000,3703703.70370,s,l
2026-02-06 00:13:14,0.0000054000,14697111.11112,s,l
2026-02-06 00:13:14,0.0000054000,43851600.00000,s,l
2026-02-06 00:13:14,0.0000054000,94867955.55554,s,l
2026-02-06 00:13:14,0.0000054000,1071169.03864,s,l
2026-02-06 00:13:16,0.0000054000,500000.00000,b,l
2026-02-06 00:13:16,0.0000054000,24654270.00000,b,l
2026-02-06 00:13:17,0.0000053900,185528.75696,s,l
2026-02-06 00:13:17,0.0000053900,366745.82583,s,l
2026-02-06 00:13:17,0.0000053900,603311.92166,s,l
2026-02-06 00:13:17,0.0000053900,512434.35646,s,l
2026-02-06 00:13:18,0.0000053800,510200.00000,s,l
2026-02-06 00:13:19,0.0000053700,74487895.71694,s,l
2026-02-06 00:13:20,0.0000053600,1865671.64180,s,l
2026-02-06 00:13:20,0.0000053600,74626865.67164,s,l
2026-02-06 00:13:26,0.0000053500,3064194.88279,s,l
2026-02-06 00:13:26,0.0000053500,32024905.11721,s,l
2026-02-06 00:13:26,0.0000053500,17.00117,s,l
2026-02-06 00:13:27,0.0000053400,5455200.00000,s,l
2026-02-06 00:13:27,0.0000053400,4022500.00000,s,l
2026-02-06 00:13:27,0.0000053400,49211548.15344,s,l
2026-02-06 00:13:31,0.0000053300,562851.78236,s,l
2026-02-06 00:13:31,0.0000053300,29524444.32700,s,l
2026-02-06 00:13:36,0.0000053300,4566919.00000,b,l
2026-02-06 00:13:36,0.0000053200,29845478.19600,s,l
2026-02-06 00:13:36,0.0000053200,868055.55555,s,m
2026-02-06 00:13:40,0.0000053200,31218700.00000,s,l
2026-02-06 00:13:50,0.0000053200,158095900.00000,b,l
2026-02-06 00:13:50,0.0000053200,29874000.00000,b,l
2026-02-06 00:13:50,0.0000053200,24.81203,b,l
2026-02-06 00:13:51,0.0000053400,28920606.38400,s,l
2026-02-06 00:13:54,0.0000053300,28420205.46500,s,l
2026-02-06 00:13:55,0.0000053100,188323.91714,s,m
2026-02-06 00:13:55,0.0000053100,34156064.40508,s,m
2026-02-06 00:13:55,0.0000053100,65655611.67778,s,m
2026-02-06 00:13:55,0.0000053100,57579121.46497,s,m
2026-02-06 00:13:55,0.0000053100,15700000.00000,s,m
2026-02-06 00:13:55,0.0000053100,31218700.00000,s,m
2026-02-06 00:13:55,0.0000053100,10256195.12300,s,m
2026-02-06 00:13:55,0.0000053100,85245983.41203,s,m
2026-02-06 00:13:55,0.0000053100,125684210.52631,s,m
2026-02-06 00:14:00,0.0000053500,180595.00000,b,l
2026-02-06 00:14:03,0.0000053100,469700.00000,s,l
2026-02-06 00:14:04,0.0000053000,160000.00000,s,l
2026-02-06 00:14:04,0.0000053000,5841509.43396,s,l
2026-02-06 00:14:04,0.0000053000,10000000.00000,s,l
2026-02-06 00:14:04,0.0000053000,508090.56604,s,l
2026-02-06 00:14:04,0.0000053000,60.01235,s,m
2026-02-06 00:14:04,0.0000052900,871020.12702,s,m
2026-02-06 00:14:04,0.0000052900,3000000.00000,s,l
2026-02-06 00:14:04,0.0000052900,5373140.00000,s,l
2026-02-06 00:14:05,0.0000052900,508100.00000,s,l
2026-02-06 00:14:05,0.0000052900,50.57839,s,l
2026-02-06 00:14:05,0.0000052900,418138.09202,s,l
2026-02-06 00:14:06,0.0000052800,946969.69697,s,l
2026-02-06 00:14:06,0.0000052800,508150.57839,s,l
2026-02-06 00:14:06,0.0000052800,93876179.72464,s,l
2026-02-06 00:14:06,0.0000052800,82.90162,s,l
2026-02-06 00:14:06,0.0000052800,419600.00000,s,l
2026-02-06 00:14:06,0.0000052800,65.59078,s,l
2026-02-06 00:14:06,0.0000052700,189753320.68312,s,l
2026-02-06 00:14:06,0.0000052700,426944.97154,s,l
2026-02-06 00:14:06,0.0000052700,65415681.90765,s,l
2026-02-06 00:14:06,0.0000052700,7608552.43769,s,l
2026-02-06 00:14:06,0.0000052700,74.61131,s,l
2026-02-06 00:14:06,0.0000052600,3920108.25688,s,m
2026-02-06 00:14:06,0.0000052800,543152.47004,s,l
2026-02-06 00:14:07,0.0000052700,14150943.00000,b,l
2026-02-06 00:14:08,0.0000052600,8579891.74312,s,l
2026-02-06 00:14:08,0.0000052600,575071.26037,s,l
2026-02-06 00:14:08,0.0000052700,3795066.00000,b,l
2026-02-06 00:14:09,0.0000052600,575000.00000,s,l
2026-02-06 00:14:09,0.0000052600,71.26037,s,l
2026-02-06 00:14:09,0.0000052600,682328.73963,s,l
2026-02-06 00:14:09,0.0000052600,31218700.00000,s,l
2026-02-06 00:14:10,0.0000052500,200000.00000,s,l
2026-02-06 00:14:10,0.0000052500,8138164.43800,s,l
2026-02-06 00:14:10,0.0000052500,31218700.00000,s,l
2026-02-06 00:14:10,0.0000052500,796070.68315,s,l
2026-02-06 00:14:10,0.0000052500,1087776214.84412,s,l
2026-02-06 00:14:10,0.0000052500,198537516.70139,s,l
2026-02-06 00:14:12,0.0000052700,31218700.00000,s,l
2026-02-06 00:14:12,0.0000052700,803164.85375,s,l
2026-02-06 00:14:12,0.0000052700,82824100.00000,b,l
2026-02-06 00:14:12,0.0000052700,79.20522,b,l
2026-02-06 00:14:12,0.0000052800,3199920.79478,b,l
2026-02-06 00:14:13,0.0000052800,777620.23724,s,m
2026-02-06 00:14:13,0.0000052700,24300758.64446,s,m
2026-02-06 00:14:14,0.0000052800,777620.23724,s,l
2026-02-06 00:14:14,0.0000052800,777600.00000,s,l
2026-02-06 00:14:15,0.0000052800,705000.00000,s,l
2026-02-06 00:14:15,0.0000052800,54.58545,s,l
2026-02-06 00:14:15,0.0000052700,705000.00000,s,l
2026-02-06 00:14:15,0.0000052700,972576.00000,b,l
2026-02-06 00:14:15,0.0000052600,8696683.00800,s,l
2026-02-06 00:14:15,0.0000052600,105110516.99200,s,l
2026-02-06 00:14:15,0.0000052600,399874000.00000,s,l
2026-02-06 00:14:15,0.0000052600,82245300.00000,s,l
2026-02-06 00:14:15,0.0000052600,370000000.00000,s,l
2026-02-06 00:14:15,0.0000052600,185000000.00000,s,l
2026-02-06 00:14:15,0.0000052600,45665800.00000,s,l
2026-02-06 00:14:15,0.0000052600,57984379.26611,s,l
2026-02-06 00:14:16,0.0000052500,28617300.00000,s,l
2026-02-06 00:14:16,0.0000052500,185000000.00000,s,l
2026-02-06 00:14:16,0.0000052500,682015700.00000,s,l
2026-02-06 00:14:16,0.0000052500,185000000.00000,s,l
2026-02-06 00:14:16,0.0000052500,55657500.00000,s,l
2026-02-06 00:14:16,0.0000052500,185000007.93650,s,l
2026-02-06 00:14:16,0.0000052500,676780.22289,s,l
2026-02-06 00:14:17,0.0000052400,190839.69466,s,l
2026-02-06 00:14:17,0.0000052400,18692426.79462,s,l
2026-02-06 00:14:17,0.0000052400,8202913.60600,s,l
2026-02-06 00:14:17,0.0000052400,705019.90472,s,l
2026-02-06 00:14:17,0.0000052500,252960.00000,b,l
2026-02-06 00:14:17,0.0000052400,34.68073,s,l
2026-02-06 00:14:17,0.0000052400,705019.90472,s,l
2026-02-06 00:14:19,0.0000052400,252900.00000,b,l
2026-02-06 00:14:19,0.0000052400,83448700.00000,b,l
2026-02-06 00:14:19,0.0000052400,185000000.00000,b,l
2026-02-06 00:14:19,0.0000052400,185000000.00000,b,l
2026-02-06 00:14:19,0.0000052400,185000000.00000,b,l
2026-02-06 00:14:19,0.0000052400,185000000.00000,b,l
2026-02-06 00:14:19,0.0000052400,130496873.28244,b,l
2026-02-06 00:14:19,0.0000052400,54503126.71756,b,l
2026-02-06 00:14:19,0.0000052400,185000000.00000,b,l
2026-02-06 00:14:19,0.0000052400,119435700.00000,b,l
2026-02-06 00:14:19,0.0000052400,31218700.00000,s,l
2026-02-06 00:14:19,0.0000052400,119435769.34912,s,l
2026-02-06 00:14:19,0.0000052400,747110.66160,s,l
2026-02-06 00:14:20,0.0000052400,747100.00000,s,l
2026-02-06 00:14:20,0.0000052500,13916500.00000,b,l
2026-02-06 00:14:22,0.0000052600,8320156.28500,b,l
2026-02-06 00:14:22,0.0000052600,43327643.71500,b,l
2026-02-06 00:14:22,0.0000052600,370000000.00000,b,l
2026-02-06 00:14:22,0.0000052600,185000000.00000,b,l
2026-02-06 00:14:22,0.0000052600,185000000.00000,b,l
2026-02-06 00:14:22,0.0000052600,168589326.48629,b,l
2026-02-06 00:14:22,0.0000052600,16410673.51371,b,l
2026-02-06 00:14:22,0.0000052600,185000000.00000,b,l
2026-02-06 00:14:22,0.0000052600,185000000.00000,b,l
2026-02-06 00:14:22,0.0000052600,280564205.83886,b,l
2026-02-06 00:14:22,0.0000052600,185000000.00000,b,l
2026-02-06 00:14:22,0.0000052600,357574100.00000,b,l
2026-02-06 00:14:22,0.0000052600,9.38962,b,l
2026-02-06 00:14:22,0.0000052600,1326666490.61038,b,l
2026-02-06 00:14:23,0.0000052600,176.05628,b,l
2026-02-06 00:14:23,0.0000052700,650000000.00001,b,l
2026-02-06 00:14:24,0.0000052800,418264300.00000,b,l
2026-02-06 00:14:24,0.0000052800,223949300.00000,b,l
2026-02-06 00:14:24,0.0000052800,174431300.00000,b,l
2026-02-06 00:14:24,0.0000052800,20597437.46937,b,l
2026-02-06 00:14:24,0.0000052800,7208668.05700,b,l
2026-02-06 00:14:24,0.0000052800,492356594.47363,b,l
2026-02-06 00:14:24,0.0000052800,87555600.00000,b,l
2026-02-06 00:14:24,0.0000052800,404237100.00000,b,l
2026-02-06 00:14:24,0.0000052800,342517300.00000,b,l
2026-02-06 00:14:24,0.0000052800,72.19303,b,l
2026-02-06 00:14:26,0.0000052800,970200.00000,s,l
2026-02-06 00:14:26,0.0000052800,84.05780,s,l
2026-02-06 00:14:26,0.0000052800,970015.94220,s,l
2026-02-06 00:14:27,0.0000052800,970284.05780,s,l
2026-02-06 00:14:28,0.0000052700,611724.11132,s,l
2026-02-06 00:14:28,0.0000052700,30026419.03200,s,l
2026-02-06 00:14:29,0.0000052600,769800.00000,s,l
2026-02-06 00:14:29,0.0000052600,83.42625,s,l
2026-02-06 00:14:29,0.0000052600,737916.57375,s,l
2026-02-06 00:14:30,0.0000052600,599500.00000,s,l
2026-02-06 00:14:30,0.0000052600,24.51378,s,l
2026-02-06 00:14:30,0.0000052600,564500.00000,s,l
2026-02-06 00:14:30,0.0000052600,81.50351,s,l
2026-02-06 00:14:31,0.0000052600,599524.51378,s,l
2026-02-06 00:14:32,0.0000052600,599500.00000,s,l
2026-02-06 00:14:32,0.0000052600,24.51378,s,l
2026-02-06 00:14:32,0.0000052600,589125.85735,s,l
2026-02-06 00:14:33,0.0000052700,422992.76580,s,l
2026-02-06 00:14:35,0.0000052500,422900.00000,s,l
2026-02-06 00:14:35,0.0000052500,92.76580,s,l
2026-02-06 00:14:38,0.0000052300,31218700.00000,s,l
2026-02-06 00:14:38,0.0000052200,3400000.00000,s,l
2026-02-06 00:14:40,0.0000052100,287907.86948,s,l
2026-02-06 00:14:40,0.0000052100,5412092.13052,s,l
2026-02-06 00:14:40,0.0000052100,8511631.87200,s,l
2026-02-06 00:14:40,0.0000052100,8511631.87200,s,l
2026-02-06 00:14:40,0.0000052100,441976495.71100,s,l
2026-02-06 00:14:40,0.0000052100,15070200.00000,s,l
2026-02-06 00:14:40,0.0000052100,92.35559,s,l
2026-02-06 00:14:41,0.0000052100,31218700.00000,s,l
2026-02-06 00:14:42,0.0000052100,32450330.13472,b,l
2026-02-06 00:14:42,0.0000052200,31218700.00000,b,l
2026-02-06 00:14:42,0.0000052200,81256459.86528,b,l
2026-02-06 00:14:42,0.0000052100,29125224.66900,s,l
2026-02-06 00:14:42,0.0000052000,500000.00000,s,l
2026-02-06 00:14:42,0.0000052000,160000.00000,s,l
2026-02-06 00:14:42,0.0000052000,160000.00000,s,l
2026-02-06 00:14:42,0.0000052000,192307.69231,s,l
2026-02-06 00:14:42,0.0000052000,9803921.56862,s,l
2026-02-06 00:14:42,0.0000052000,5183770.73907,s,l
2026-02-06 00:14:42,0.0000052100,31218700.00000,b,m
2026-02-06 00:14:42,0.0000052200,39553293.89419,b,m
2026-02-06 00:14:42,0.0000052200,31218700.00000,b,m
2026-02-06 00:14:42,0.0000052200,45393093.35582,b,m
2026-02-06 00:14:42,0.0000052200,44923905.05769,b,m
2026-02-06 00:14:42,0.0000052000,67742134.64913,s,l
2026-02-06 00:14:42,0.0000052000,31218700.00000,s,l
2026-02-06 00:14:43,0.0000052000,6097166.00000,s,l
2026-02-06 00:14:44,0.0000052000,4050346.00000,b,l
2026-02-06 00:14:44,0.0000051800,3891891.89189,s,l
2026-02-06 00:14:44,0.0000051800,31218699.99999,s,l
2026-02-06 00:14:44,0.0000051800,31218700.00000,s,l
2026-02-06 00:14:44,0.0000051800,289782200.00000,b,l
2026-02-06 00:14:44,0.0000051800,57.98940,b,l
2026-02-06 00:14:44,0.0000051800,441702842.01060,b,l
2026-02-06 00:14:44,0.0000051800,31218700.00000,s,l
2026-02-06 00:14:45,0.0000051900,650000000.00000,b,l
2026-02-06 00:14:45,0.0000051900,177303203.01820,b,l
2026-02-06 00:14:45,0.0000051900,9528846.58200,b,l
2026-02-06 00:14:45,0.0000051900,368167950.39980,b,l
2026-02-06 00:14:45,0.0000051900,72579600.00000,b,l
2026-02-06 00:14:46,0.0000051800,9489466.00000,s,l
2026-02-06 00:14:46,0.0000052000,50000000.00000,b,l
2026-02-06 00:14:46,0.0000052000,50000000.00000,b,l
2026-02-06 00:14:50,0.0000052400,112420400.00000,b,l
2026-02-06 00:14:50,0.0000052400,555000000.00000,b,l
2026-02-06 00:14:50,0.0000052400,95938378.62595,b,l
2026-02-06 00:14:51,0.0000052500,202825.00000,b,l
2026-02-06 00:14:53,0.0000052300,31218700.00000,b,l
2026-02-06 00:14:57,0.0000052200,31218700.00000,s,l
2026-02-06 00:14:57,0.0000052200,478348969.00000,s,l
2026-02-06 00:14:57,0.0000052200,478348969.00000,s,l
2026-02-06 00:14:57,0.0000052200,426317100.00000,b,l
2026-02-06 00:14:57,0.0000052200,1772978454.56819,b,l
2026-02-06 00:14:58,0.0000052100,1499850.35541,s,m
2026-02-06 00:14:58,0.0000052100,2000000.00000,s,m
2026-02-06 00:14:58,0.0000052100,500000.00000,s,m
2026-02-06 00:14:58,0.0000052100,149.64459,s,m
2026-02-06 00:15:02,0.0000052200,31218700.00000,s,l
2026-02-06 00:15:06,0.0000052600,9658838.07700,b,l
2026-02-06 00:15:12,0.0000052800,31218700.00000,s,l
2026-02-06 00:15:24,0.0000052400,3792039.18335,b,l
2026-02-06 00:15:24,0.0000052400,346207960.81665,b,l
2026-02-06 00:15:24,0.0000052600,4110466.56733,b,m
2026-02-06 00:15:30,0.0000052300,128960000.00000,s,l
2026-02-06 00:15:31,0.0000052300,477875300.00000,s,l
2026-02-06 00:15:31,0.0000052300,28.10000,s,l
2026-02-06 00:15:31,0.0000052300,477875271.90000,s,l
2026-02-06 00:15:34,0.0000052200,31218699.99999,b,l
2026-02-06 00:15:40,0.0000052000,25289400.00000,s,l
2026-02-06 00:15:40,0.0000052000,72765800.00000,s,l
2026-02-06 00:15:40,0.0000051900,98055200.00000,s,l
2026-02-06 00:15:40,0.0000051900,37.78395,s,l
2026-02-06 00:15:42,0.0000052000,98055237.78395,b,l
2026-02-06 00:15:42,0.0000052000,31218700.00000,b,l
2026-02-06 00:15:42,0.0000052000,63033700.00000,s,l
2026-02-06 00:15:42,0.0000052000,54.52374,s,l
2026-02-06 00:15:43,0.0000051800,112234200.00000,s,l
2026-02-06 00:15:43,0.0000051800,16715800.00000,s,l
2026-02-06 00:15:44,0.0000051900,138349.00000,b,l
2026-02-06 00:15:44,0.0000051900,138349.00000,b,l
2026-02-06 00:15:45,0.0000051700,31218700.00000,s,m
2026-02-06 00:15:45,0.0000051700,52173461.20000,s,m
2026-02-06 00:15:45,0.0000051600,500000.00000,s,m
2026-02-06 00:15:45,0.0000051600,193798.44962,s,m
2026-02-06 00:15:45,0.0000051600,2000000.00000,s,m
2026-02-06 00:15:45,0.0000051600,31218700.00000,s,m
2026-02-06 00:15:45,0.0000051600,197536420.33378,s,m
2026-02-06 00:15:45,0.0000051600,65216826.50000,s,m
2026-02-06 00:15:45,0.0000051500,1941747.57282,s,m
2026-02-06 00:15:45,0.0000051500,31218700.00000,s,m
2026-02-06 00:15:45,0.0000051500,149090000.00000,s,m
2026-02-06 00:15:45,0.0000051500,129520000.00000,s,m
2026-02-06 00:15:45,0.0000051500,32816076.28815,s,m
2026-02-06 00:15:45,0.0000051500,388349514.56310,s,m
2026-02-06 00:15:45,0.0000051500,776699029.12621,s,m
2026-02-06 00:15:45,0.0000051500,482037287.57966,s,m
2026-02-06 00:15:45,0.0000051500,79353921.38666,s,m
2026-02-06 00:15:48,0.0000051900,440600.00000,s,l
2026-02-06 00:15:49,0.0000051900,38.90430,s,l
2026-02-06 00:15:49,0.0000051900,440461.09570,s,l
2026-02-06 00:15:49,0.0000051900,440600.00000,s,l
2026-02-06 00:15:49,0.0000051900,38.90430,s,l
2026-02-06 00:15:49,0.0000051900,440461.09570,s,l
2026-02-06 00:15:50,0.0000051900,440600.00000,s,l
2026-02-06 00:15:50,0.0000051900,38.90430,s,l
2026-02-06 00:15:50,0.0000051900,440461.09570,s,l
2026-02-06 00:15:55,0.0000051900,100000000.00000,b,l
2026-02-06 00:15:56,0.0000051800,984891.40698,s,m
2026-02-06 00:16:13,0.0000052300,31218700.00000,b,l
2026-02-06 00:16:18,0.0000052200,98055200.00000,s,l
2026-02-06 00:16:32,0.0000051900,31218700.00000,b,l
2026-02-06 00:16:32,0.0000051900,98055237.78395,b,l
2026-02-06 00:16:32,0.0000051900,79353921.38666,b,l
2026-02-06 00:16:33,0.0000052100,3064016.78940,b,m
2026-02-06 00:16:51,0.0000052300,3310932.00000,b,l
2026-02-06 00:16:59,0.0000052800,16784078.00000,b,l
2026-02-06 00:17:01,0.0000053000,1518026.56546,b,m
2026-02-06 00:17:02,0.0000052900,31218700.00000,s,l
2026-02-06 00:17:07,0.0000053000,73529.40632,b,l
2026-02-06 00:17:09,0.0000053200,362968.42526,b,l
2026-02-06 00:17:09,0.0000053200,787711.69751,b,l
2026-02-06 00:17:15,0.0000053600,18265800.00000,b,l
2026-02-06 00:17:22,0.0000053300,2979772.00000,s,l
2026-02-06 00:17:29,0.0000053300,463432.75500,s,l
2026-02-06 00:17:44,0.0000053100,98055237.78395,s,l
2026-02-06 00:17:45,0.0000053100,1002593.85899,s,l
2026-02-06 00:17:45,0.0000053000,1002593.85899,s,l
2026-02-06 00:17:49,0.0000053300,65370158.52263,b,l
2026-02-06 00:18:03,0.0000053000,281505200.00000,b,l
2026-02-06 00:18:03,0.0000053000,34548978.87434,b,l
2026-02-06 00:18:03,0.0000053000,566567814.74661,b,l
2026-02-06 00:18:03,0.0000053000,138883206.37905,b,l
2026-02-06 00:18:03,0.0000053000,185000000.00000,b,l
2026-02-06 00:18:03,0.0000053100,65370158.52263,b,l
2026-02-06 00:18:06,0.0000053100,4167391.14101,s,l
2026-02-06 00:18:07,0.0000053000,98055200.00000,s,l
2026-02-06 00:18:07,0.0000053000,98055200.00000,s,l
2026-02-06 00:18:09,0.0000052900,86944800.00000,s,l
2026-02-06 00:18:09,0.0000052900,11110400.00000,s,l
2026-02-06 00:18:09,0.0000052900,37.78395,s,l
2026-02-06 00:18:16,0.0000052800,33741700.00000,s,l
2026-02-06 00:18:16,0.0000052800,31218700.00000,s,l
2026-02-06 00:18:16,0.0000052800,1876100.00000,s,l
2026-02-06 00:18:16,0.0000052800,31218737.78395,s,l
2026-02-06 00:18:17,0.0000052700,1870300.75187,b,l
2026-02-06 00:18:22,0.0000052600,98055200.00000,s,l
2026-02-06 00:18:32,0.0000052200,368070.88135,s,l
2026-02-06 00:18:32,0.0000052200,799591.95476,s,l
2026-02-06 00:18:32,0.0000052200,18439837.16389,s,l
2026-02-06 00:18:32,0.0000052200,82.69405,s,l
2026-02-06 00:18:34,0.0000052300,65370158.52263,b,l
2026-02-06 00:18:34,0.0000052300,98055200.00000,s,l
2026-02-06 00:18:34,0.0000052300,37.78395,s,l
2026-02-06 00:18:35,0.0000052200,25008200.00000,s,l
2026-02-06 00:18:35,0.0000052200,72442800.00000,s,l
2026-02-06 00:18:36,0.0000052200,604200.00000,s,l
2026-02-06 00:18:36,0.0000052200,37.78395,s,l
2026-02-06 00:18:36,0.0000052200,65370158.52263,b,l
2026-02-06 00:18:37,0.0000052100,1614516.31337,s,l
2026-02-06 00:18:37,0.0000052100,183385483.68663,s,l
2026-02-06 00:18:37,0.0000052100,370000000.00000,s,l
2026-02-06 00:18:37,0.0000052100,185000000.00000,s,l
2026-02-06 00:18:37,0.0000052100,555000000.00000,s,l
2026-02-06 00:18:37,0.0000052100,34544600.00000,s,l
2026-02-06 00:18:37,0.0000052100,75.04352,s,l
2026-02-06 00:18:42,0.0000052100,65370158.52263,b,l
2026-02-06 00:18:42,0.0000052100,109122461.92302,b,l
2026-02-06 00:18:42,0.0000052200,34544600.00000,b,l
2026-02-06 00:18:42,0.0000052200,155315798.89952,b,l
2026-02-06 00:18:42,0.0000052200,29684201.10048,b,l
2026-02-06 00:18:42,0.0000052200,185000000.00000,b,l
2026-02-06 00:18:46,0.0000052300,65370158.52263,b,l
2026-02-06 00:18:50,0.0000052400,98055200.00000,s,l
2026-02-06 00:18:53,0.0000052300,185000000.00000,s,l
2026-02-06 00:18:53,0.0000052300,370000000.00000,s,l
2026-02-06 00:18:53,0.0000052300,389985400.00000,s,l
2026-02-06 00:18:53,0.0000052300,370000000.00000,s,l
2026-02-06 00:18:53,0.0000052300,4.71637,s,l
2026-02-06 00:18:59,0.0000052400,3025379.71340,s,m
2026-02-06 00:19:02,0.0000052700,9200828.00000,b,l
2026-02-06 00:19:07,0.0000052300,998456372.30504,s,l
2026-02-06 00:19:09,0.0000052200,19985400.00000,b,l
2026-02-06 00:19:13,0.0000052200,244533.00000,s,l
2026-02-06 00:19:14,0.0000052200,97810704.78395,s,l
2026-02-06 00:19:15,0.0000052200,191314.28554,b,l
2026-02-06 00:19:15,0.0000052200,191314.28554,b,l
2026-02-06 00:19:15,0.0000052200,65370158.52263,b,l
2026-02-06 00:19:16,0.0000052200,185000000.00000,b,l
2026-02-06 00:19:16,0.0000052200,50000000.00000,b,l
2026-02-06 00:19:16,0.0000052200,50000000.00000,b,l
2026-02-06 00:19:16,0.0000052200,185000000.00000,b,l
2026-02-06 00:19:16,0.0000052200,185000000.00000,b,l
2026-02-06 00:19:16,0.0000052200,139290900.00000,b,l
2026-02-06 00:19:16,0.0000052200,14.25260,b,l
2026-02-06 00:19:19,0.0000052200,139290900.00000,s,l
2026-02-06 00:19:19,0.0000052200,185000000.00000,s,l
2026-02-06 00:19:19,0.0000052200,68005500.00000,s,l
2026-02-06 00:19:19,0.0000052200,753502300.00000,s,l
2026-02-06 00:19:19,0.0000052200,241200.00000,s,l
2026-02-06 00:19:19,0.0000052200,71044215.58499,s,l
2026-02-06 00:19:21,0.0000052000,65370158.52263,b,l
2026-02-06 00:19:23,0.0000052100,238775.00000,b,l
2026-02-06 00:19:23,0.0000052100,65370158.52263,b,l
2026-02-06 00:19:33,0.0000051700,185000000.00000,s,l
2026-02-06 00:19:33,0.0000051700,18471000.00000,s,l
2026-02-06 00:19:33,0.0000051700,285453500.00000,s,l
2026-02-06 00:19:33,0.0000051700,11020700.00000,s,l
2026-02-06 00:19:34,0.0000051800,4814219.00000,b,l
2026-02-06 00:19:36,0.0000051900,148284676.40842,b,l
2026-02-06 00:19:36,0.0000051900,36715323.59158,b,l
2026-02-06 00:19:36,0.0000051900,11020700.00000,b,l
2026-02-06 00:19:36,0.0000051900,164604302.02298,b,l
2026-02-06 00:19:36,0.0000051900,20395697.97702,b,l
2026-02-06 00:19:36,0.0000051900,185000000.00000,b,l
2026-02-06 00:19:36,0.0000051900,114587900.00000,b,l
2026-02-06 00:19:37,0.0000051900,11020700.00000,b,l
2026-02-06 00:19:37,0.0000051900,462154855.15802,b,l
2026-02-06 00:19:45,0.0000051400,422178.98832,s,l
2026-02-06 00:19:45,0.0000051400,6614785.99221,s,l
2026-02-06 00:19:45,0.0000051400,68093335.01947,s,l
2026-02-06 00:19:45,0.0000051400,50.19453,s,l
2026-02-06 00:19:45,0.0000051400,9708738.00000,b,l
2026-02-06 00:19:45,0.0000051300,81313095.28664,s,l
2026-02-06 00:19:45,0.0000051300,8249752.34700,s,l
2026-02-06 00:19:47,0.0000051400,26955967.33767,b,l
2026-02-06 00:19:47,0.0000051200,48828100.00000,s,l
2026-02-06 00:19:47,0.0000051200,25.00000,s,l
2026-02-06 00:19:48,0.0000051000,58823529.41176,s,m
2026-02-06 00:19:48,0.0000051000,3921568.62745,s,m
2026-02-06 00:19:48,0.0000051000,219607.84313,s,m
2026-02-06 00:19:48,0.0000051000,160000.00000,s,m
2026-02-06 00:19:48,0.0000051000,1960784.31373,s,m
2026-02-06 00:19:48,0.0000051000,1904038.59974,s,m
2026-02-06 00:19:48,0.0000051000,76527333.94927,s,l
2026-02-06 00:19:48,0.0000051000,196078431.37255,s,l
2026-02-06 00:19:48,0.0000051000,3921534.67818,s,l
2026-02-06 00:19:48,0.0000051000,33.94927,s,l
2026-02-06 00:19:49,0.0000050900,196463.65423,s,l
2026-02-06 00:19:49,0.0000050900,235758349.70531,s,l
2026-02-06 00:19:49,0.0000050900,1324914333.00648,s,l
2026-02-06 00:19:49,0.0000050900,1119084253.63398,s,l
2026-02-06 00:19:49,0.0000050900,13.41116,s,l
2026-02-06 00:19:49,0.0000050900,10182086.58884,s,l
2026-02-06 00:19:50,0.0000050900,1023349.00000,b,l
2026-02-06 00:19:50,0.0000050900,10216110.00000,b,l
2026-02-06 00:19:50,0.0000050900,19979241.00000,b,l
2026-02-06 00:19:50,0.0000051000,29101580.00000,b,l
2026-02-06 00:19:50,0.0000051000,4835590.00000,b,l
2026-02-06 00:19:50,0.0000050900,7200000.00000,b,l
2026-02-06 00:19:50,0.0000050800,33980314.96063,s,l
2026-02-06 00:19:50,0.0000050800,14763779.52755,s,l
2026-02-06 00:19:50,0.0000050800,31218700.00000,s,l
2026-02-06 00:19:50,0.0000050800,6788998.72300,s,l
2026-02-06 00:19:50,0.0000050800,38418600.00000,b,l
2026-02-06 00:19:50,0.0000050800,8511631.87200,b,l
2026-02-06 00:19:50,0.0000050800,250554100.00000,b,l
2026-02-06 00:19:50,0.0000050800,942430500.00000,b,l
2026-02-06 00:19:50,0.0000050800,41.58348,b,l
2026-02-06 00:19:51,0.0000050800,31218700.00000,s,l
2026-02-06 00:19:52,0.0000050900,6754100.00000,s,l
2026-02-06 00:19:52,0.0000050900,52.65700,s,l
2026-02-06 00:19:53,0.0000051200,2982144.00000,s,l
2026-02-06 00:19:56,0.0000051100,100000000.00000,s,l
2026-02-06 00:19:59,0.0000050900,7279600.00000,s,l
2026-02-06 00:19:59,0.0000050900,20.57200,s,l
2026-02-06 00:19:59,0.0000050900,33208881.30009,b,l
2026-02-06 00:19:59,0.0000050900,64427581.30008,s,l
2026-02-06 00:19:59,0.0000051100,5080000.00000,b,l
2026-02-06 00:19:59,0.0000051100,9828975.00000,b,l
2026-02-06 00:20:01,0.0000051300,1569484.00000,b,l
2026-02-06 00:20:02,0.0000051300,3028259.10679,s,l
2026-02-06 00:20:02,0.0000051300,3926180.00000,s,l
2026-02-06 00:20:02,0.0000051400,8511631.87200,b,l
2026-02-06 00:20:02,0.0000051400,133400632.77414,b,l
2026-02-06 00:20:02,0.0000051400,649498667.22586,b,l
2026-02-06 00:20:02,0.0000051400,677167999.44080,b,l
2026-02-06 00:20:02,0.0000051500,20074100.55920,b,l
2026-02-06 00:20:02,0.0000051400,8511631.87200,b,l
2026-02-06 00:20:02,0.0000051400,8511631.87200,b,l
2026-02-06 00:20:03,0.0000051500,185411565.20104,b,l
2026-02-06 00:20:03,0.0000051500,271468934.79896,b,l
2026-02-06 00:20:03,0.0000051500,313160100.00000,b,l
2026-02-06 00:20:03,0.0000051500,52397800.00000,b,l
2026-02-06 00:20:06,0.0000051400,738600.00000,s,l
2026-02-06 00:20:06,0.0000051500,10370741.19665,b,l
2026-02-06 00:20:06,0.0000051300,37434400.00000,s,l
2026-02-06 00:20:06,0.0000051300,66598400.00000,s,l
2026-02-06 00:20:06,0.0000051300,185000000.00000,s,l
2026-02-06 00:20:06,0.0000051300,13568400.00000,s,l
2026-02-06 00:20:06,0.0000051300,370000000.00000,s,l
2026-02-06 00:20:09,0.0000051200,419673.63311,s,l
2026-02-06 00:20:09,0.0000051200,252012.00000,b,l
2026-02-06 00:20:12,0.0000051300,688015.35324,s,l
2026-02-06 00:20:12,0.0000051300,1326491384.64676,s,l
2026-02-06 00:20:13,0.0000051300,37.40150,s,l
2026-02-06 00:20:14,0.0000051100,1326491422.04826,s,l
2026-02-06 00:20:14,0.0000051100,1088777.95174,s,l
2026-02-06 00:20:15,0.0000051000,203250600.00000,b,l
2026-02-06 00:20:17,0.0000050900,140846.00000,b,l
2026-02-06 00:20:17,0.0000050800,964547.82801,s,l
2026-02-06 00:20:18,0.0000050800,250777600.00000,b,l
2026-02-06 00:20:18,0.0000050800,94.30312,b,l
2026-02-06 00:20:18,0.0000050800,250777505.69688,b,l
2026-02-06 00:20:18,0.0000050800,188.60624,b,l
2026-02-06 00:20:18,0.0000050900,420221828.39865,b,l
2026-02-06 00:20:18,0.0000050900,190666673.97849,b,l
2026-02-06 00:20:18,0.0000050900,472269097.62286,b,l
2026-02-06 00:20:19,0.0000050900,95.34885,b,m
2026-02-06 00:20:19,0.0000050900,31218700.00000,b,m
2026-02-06 00:20:19,0.0000051000,77.93578,b,m
2026-02-06 00:20:19,0.0000051000,31218700.00000,b,m
2026-02-06 00:20:19,0.0000051000,35601642.40165,b,m
2026-02-06 00:20:19,0.0000050800,12211760.40600,s,l
2026-02-06 00:20:19,0.0000050800,1179873.32364,s,l
2026-02-06 00:20:19,0.0000050900,62437400.00000,b,l
2026-02-06 00:20:20,0.0000050800,1179873.32364,s,l
2026-02-06 00:20:20,0.0000050800,10446826.67636,s,l
2026-02-06 00:20:20,0.0000050800,46.48564,s,l
2026-02-06 00:20:26,0.0000050900,1801801.80181,s,m
2026-02-06 00:20:27,0.0000051100,68298257.69127,b,l
2026-02-06 00:20:27,0.0000051100,111299808.36099,b,l
2026-02-06 00:20:27,0.0000051100,171395551.34317,b,l
2026-02-06 00:20:27,0.0000051100,183549382.60457,b,l
2026-02-06 00:20:27,0.0000051000,879100.00000,s,l
2026-02-06 00:20:28,0.0000051000,908200.00000,s,l
2026-02-06 00:20:29,0.0000050800,11801808.86100,s,l
2026-02-06 00:20:29,0.0000050800,908191.13900,s,l
2026-02-06 00:20:30,0.0000050800,31218700.00000,b,l
2026-02-06 00:20:30,0.0000050900,26768035.00000,b,l
2026-02-06 00:20:30,0.0000050900,125491797.00000,b,l
2026-02-06 00:20:30,0.0000050800,31204200.00000,b,l
2026-02-06 00:20:30,0.0000050800,44852146.81851,b,l
2026-02-06 00:20:31,0.0000051000,181215545.84882,b,l
2026-02-06 00:20:31,0.0000051000,175374354.15118,b,l
2026-02-06 00:20:32,0.0000051100,65.80166,b,l
2026-02-06 00:20:45,0.0000051400,9397733.00000,b,l
2026-02-06 00:20:47,0.0000051000,100982818.87165,s,l
2026-02-06 00:20:47,0.0000051000,830424.38905,s,l
2026-02-06 00:20:48,0.0000051100,31218700.00000,s,l
2026-02-06 00:20:50,0.0000051100,692240.09734,s,l
2026-02-06 00:20:51,0.0000051200,499850.35541,s,m
2026-02-06 00:20:51,0.0000051200,1000000.00000,s,m
2026-02-06 00:20:51,0.0000051200,500000.00000,s,m
2026-02-06 00:20:51,0.0000051200,200149.64459,s,m
2026-02-06 00:20:51,0.0000051200,800000.00000,s,m
2026-02-06 00:20:51,0.0000051200,1000000.00000,s,m
2026-02-06 00:20:51,0.0000051200,500000.00000,s,m
2026-02-06 00:20:51,0.0000051200,1000000.00000,s,m
2026-02-06 00:20:51,0.0000051200,1000000.00000,s,m
2026-02-06 00:20:51,0.0000051200,950000.00000,s,m
2026-02-06 00:20:51,0.0000051200,500000.00000,s,m
2026-02-06 00:20:51,0.0000051200,1200000.00000,s,m
2026-02-06 00:20:51,0.0000051200,350000.00000,s,m
2026-02-06 00:20:51,0.0000051200,1000000.00000,s,m
2026-02-06 00:20:51,0.0000051200,1000000.00000,s,m
2026-02-06 00:20:51,0.0000051200,1000000.00000,s,m
2026-02-06 00:20:52,0.0000051200,543601.47969,s,l
2026-02-06 00:20:54,0.0000051300,543601.47969,s,l
2026-02-06 00:20:54,0.0000051200,31218700.00000,s,l
2026-02-06 00:20:54,0.0000051100,31218700.00000,s,l
2026-02-06 00:20:54,0.0000051100,38001817.39196,s,l
2026-02-06 00:20:54,0.0000051400,432600.00000,s,l
2026-02-06 00:20:54,0.0000051400,61.60455,s,l
2026-02-06 00:20:57,0.0000051200,432600.00000,s,l
2026-02-06 00:20:57,0.0000051200,61.60455,s,l
2026-02-06 00:21:14,0.0000052100,204385.00000,b,l
2026-02-06 00:21:15,0.0000052200,1591555.97178,b,l
2026-02-06 00:21:22,0.0000052400,362968.42526,b,l
2026-02-06 00:21:26,0.0000052700,7619047.61905,b,m
2026-02-06 00:21:27,0.0000052700,1897533.20684,b,m
2026-02-06 00:21:44,0.0000052400,576454.21240,s,l
2026-02-06 00:22:06,0.0000052100,935200.00000,s,l
2026-02-06 00:22:12,0.0000052000,1087600.00000,s,l
2026-02-06 00:22:12,0.0000052100,8725450.00000,b,l
2026-02-06 00:22:25,0.0000052400,1511797.32313,b,l
2026-02-06 00:22:29,0.0000052200,848800.00000,s,l
2026-02-06 00:22:39,0.0000052000,841440.93778,s,l
2026-02-06 00:22:39,0.0000052000,31218700.00000,s,l
2026-02-06 00:22:39,0.0000052000,212279026.06222,s,l
2026-02-06 00:22:45,0.0000052400,65370158.52263,b,l
2026-02-06 00:22:45,0.0000052400,8548638.96700,b,l
2026-02-06 00:22:45,0.0000052400,8548638.96700,b,l
2026-02-06 00:22:45,0.0000052400,8548638.96700,b,l
2026-02-06 00:22:45,0.0000052400,8548638.96700,b,l
2026-02-06 00:22:45,0.0000052400,8548638.96700,b,l
2026-02-06 00:22:49,0.0000052400,65370158.52263,b,l
2026-02-06 00:22:49,0.0000052300,4634081.00000,s,l
2026-02-06 00:23:10,0.0000052700,10677064.30955,b,l
2026-02-06 00:23:13,0.0000052800,924854.24950,s,m
2026-02-06 00:23:13,0.0000052800,98055237.78395,s,m
2026-02-06 00:23:13,0.0000052800,31218700.00000,s,m
2026-02-06 00:23:13,0.0000052700,32080483.53624,s,m
2026-02-06 00:23:13,0.0000052700,98055237.78395,s,m
2026-02-06 00:23:13,0.0000052700,31218700.00000,s,m
2026-02-06 00:23:13,0.0000052700,159574606.19524,s,m
2026-02-06 00:23:13,0.0000052700,451127819.54888,s,m
2026-02-06 00:23:13,0.0000052800,10772041.98963,s,l
2026-02-06 00:23:27,0.0000052100,1794847.00000,s,l
2026-02-06 00:23:43,0.0000052400,2253301.88550,b,m
2026-02-06 00:23:44,0.0000052500,19047619.04762,b,m
2026-02-06 00:23:44,0.0000052400,476878998.60000,s,l
2026-02-06 00:23:44,0.0000052400,476878998.60000,s,l
2026-02-06 00:23:44,0.0000052400,27456165.94449,s,l
2026-02-06 00:24:00,0.0000052400,28608117.95483,s,l
2026-02-06 00:24:02,0.0000052500,14221374.00000,s,l
2026-02-06 00:24:15,0.0000052700,31218700.00000,s,l
2026-02-06 00:24:15,0.0000052700,238781300.00000,s,l
2026-02-06 00:24:20,0.0000052600,222222222.59999,s,l
2026-02-06 00:24:20,0.0000052600,474179053.80000,s,l
2026-02-06 00:24:20,0.0000052600,288228110.12731,s,l
2026-02-06 00:24:21,0.0000052600,13200231.00000,b,l
2026-02-06 00:24:21,0.0000052600,1698202.00000,b,l
2026-02-06 00:25:12,0.0000052600,1578876.51241,s,l
2026-02-06 00:25:15,0.0000052800,18939393.93939,b,m
2026-02-06 00:25:16,0.0000052800,8937213.46600,b,l
2026-02-06 00:25:16,0.0000052800,8937213.46600,b,l
2026-02-06 00:25:18,0.0000052700,474176355.70000,s,l
2026-02-06 00:25:18,0.0000052700,474176355.70000,s,l
2026-02-06 00:25:18,0.0000052700,87753690.31626,s,l
2026-02-06 00:25:24,0.0000052500,9206492.00000,b,l
2026-02-06 00:25:25,0.0000052400,476879908.30000,s,l
2026-02-06 00:25:25,0.0000052400,476879891.70000,s,l
2026-02-06 00:25:51,0.0000052600,475062090.60000,s,l
2026-02-06 00:25:51,0.0000052600,431248636.86563,s,l
2026-02-06 00:25:51,0.0000052600,43813453.73437,s,l
2026-02-06 00:26:03,0.0000052900,1721129.00000,b,l
2026-02-06 00:26:07,0.0000052900,472370126.60000,s,l
2026-02-06 00:26:07,0.0000052900,472370073.40000,s,l
2026-02-06 00:26:07,0.0000052900,472370100.00000,s,l
2026-02-06 00:26:07,0.0000052900,472370100.00000,s,l
2026-02-06 00:26:07,0.0000052900,26.60000,s,l
2026-02-06 00:26:07,0.0000052800,2246338.70690,s,m
2026-02-06 00:26:09,0.0000053000,1591555.97178,b,l
2026-02-06 00:26:14,0.0000052900,1313285.00000,b,l
2026-02-06 00:26:31,0.0000052800,5000000.00000,b,l
2026-02-06 00:26:32,0.0000052700,473253599.60000,s,l
2026-02-06 00:26:32,0.0000052700,8034414.00000,s,l
2026-02-06 00:26:37,0.0000052700,473253599.60000,s,l
2026-02-06 00:26:37,0.0000052700,473253500.40000,s,l
2026-02-06 00:26:39,0.0000052600,8967959.62400,s,l
2026-02-06 00:26:39,0.0000052600,474148476.80000,s,l
2026-02-06 00:26:39,0.0000052600,474148476.80000,s,l
2026-02-06 00:26:55,0.0000052600,1668821.00000,s,l
2026-02-06 00:27:01,0.0000052700,6359000.00000,s,l
2026-02-06 00:27:02,0.0000052700,56.38280,s,l
2026-02-06 00:27:06,0.0000052700,474148476.80000,s,l
2026-02-06 00:27:06,0.0000052700,354745223.20000,s,l
2026-02-06 00:27:06,0.0000052700,119403253.60000,s,l
2026-02-06 00:27:08,0.0000052800,98055237.78395,b,m
2026-02-06 00:27:08,0.0000052800,1944762.21605,b,m
2026-02-06 00:27:22,0.0000052900,65370158.52263,b,l
2026-02-06 00:27:22,0.0000052900,8937213.46600,b,l
2026-02-06 00:27:22,0.0000052900,8937213.46600,b,l
2026-02-06 00:27:22,0.0000052900,8937213.46600,b,l
2026-02-06 00:27:22,0.0000052900,3670675.00000,b,l
2026-02-06 00:27:22,0.0000052900,8937213.46600,b,l
2026-02-06 00:27:22,0.0000052900,35268457.00000,b,l
2026-02-06 00:27:22,0.0000052900,8937213.46600,b,l
2026-02-06 00:27:22,0.0000052900,8937213.46600,b,l
2026-02-06 00:27:22,0.0000052900,8937213.46600,b,l
2026-02-06 00:27:22,0.0000052900,100114533.19568,b,l
2026-02-06 00:27:24,0.0000053000,8937213.46600,b,l
2026-02-06 00:27:27,0.0000053100,18298931.00000,b,l
2026-02-06 00:27:39,0.0000052800,13706940.86942,s,l
2026-02-06 00:27:44,0.0000052900,5458664.00000,b,l
2026-02-06 00:27:45,0.0000052900,11529300.56711,b,m
2026-02-06 00:27:48,0.0000052900,3559184.27618,s,l
2026-02-06 00:27:48,0.0000052900,472344244.50000,s,l
2026-02-06 00:27:48,0.0000052900,472344244.50000,s,l
2026-02-06 00:27:53,0.0000053000,277777778.24999,b,l
2026-02-06 00:27:53,0.0000053000,15198597.51633,b,l
2026-02-06 00:27:57,0.0000053000,277777778.24999,b,l
2026-02-06 00:27:57,0.0000053000,16955153.56964,b,l
2026-02-06 00:27:58,0.0000053000,322995675.48620,s,l
2026-02-06 00:28:05,0.0000053200,787711.69751,b,l
2026-02-06 00:28:05,0.0000053200,362968.42526,b,l
2026-02-06 00:28:11,0.0000052800,6239524.23000,s,l
2026-02-06 00:28:22,0.0000052900,3611086.00000,b,l
2026-02-06 00:28:27,0.0000052700,243654200.00000,s,l
2026-02-06 00:28:27,0.0000052700,66267400.00000,s,l
2026-02-06 00:28:27,0.0000052700,55760600.00000,s,l
2026-02-06 00:28:27,0.0000052700,39746700.00000,s,l
2026-02-06 00:28:27,0.0000052700,21806500.00000,s,l
2026-02-06 00:28:27,0.0000052700,21695700.00000,s,l
2026-02-06 00:28:27,0.0000052700,10728747.57700,s,l
2026-02-06 00:28:29,0.0000052800,1248750.00000,b,l
2026-02-06 00:28:37,0.0000052900,3200000.00000,b,l
2026-02-06 00:28:48,0.0000052900,189300.73963,s,l
2026-02-06 00:28:48,0.0000052900,189300.73963,s,l
2026-02-06 00:29:13,0.0000053100,378600.00000,s,l
2026-02-06 00:29:13,0.0000053100,470177748.20000,s,l
2026-02-06 00:29:13,0.0000053100,470556251.80000,s,l
2026-02-06 00:29:13,0.0000053100,96.40000,s,l
2026-02-06 00:29:41,0.0000053300,2664906.36704,b,l
2026-02-06 00:29:59,0.0000053100,98055237.78395,s,m
2026-02-06 00:29:59,0.0000053100,654026061.13696,s,m
2026-02-06 00:30:14,0.0000053300,468812703.70000,s,l
2026-02-06 00:30:14,0.0000053300,468812696.30000,s,l
2026-02-06 00:30:44,0.0000053500,243174.00000,b,l
2026-02-06 00:30:45,0.0000053500,633706.00000,b,l
2026-02-06 00:31:05,0.0000053500,9800100.00000,b,l
2026-02-06 00:31:06,0.0000053500,84.30955,b,l
2026-02-06 00:31:08,0.0000053700,5067200.00000,b,l
2026-02-06 00:31:08,0.0000053700,13264246.87074,b,l
2026-02-06 00:31:08,0.0000053700,18313953.12926,b,l
2026-02-06 00:31:08,0.0000053700,60.76517,b,l
2026-02-06 00:31:13,0.0000053800,1591555.97178,b,l
2026-02-06 00:31:18,0.0000053600,31218700.00000,b,l
2026-02-06 00:31:25,0.0000053800,31218700.00000,b,l
2026-02-06 00:31:49,0.0000053800,3480966.54275,b,l
2026-02-06 00:31:51,0.0000053800,19497091.05567,b,l
2026-02-06 00:32:03,0.0000053600,1840333.00000,b,l
2026-02-06 00:32:09,0.0000053600,2602942.00000,b,l
2026-02-06 00:32:51,0.0000053600,33582089.55224,b,m
2026-02-06 00:33:13,0.0000053800,3731343.28358,b,m
2026-02-06 00:33:38,0.0000054000,362968.42526,b,l
2026-02-06 00:33:38,0.0000054000,787711.69751,b,l
2026-02-06 00:33:38,0.0000054000,91111019.87723,b,l
2026-02-06 00:34:09,0.0000054000,476303152.10000,s,l
2026-02-06 00:34:09,0.0000054000,476303152.10000,s,l
2026-02-06 00:34:21,0.0000054100,787711.69751,s,l
2026-02-06 00:34:47,0.0000054700,1591555.97178,b,l
2026-02-06 00:34:47,0.0000054700,31383244.02822,b,l
2026-02-06 00:35:18,0.0000054900,362968.42526,b,l
2026-02-06 00:35:18,0.0000054900,787711.69751,b,l
2026-02-06 00:35:18,0.0000055000,5927626.87723,b,l
2026-02-06 00:35:32,0.0000054900,521966.00000,b,l
2026-02-06 00:35:34,0.0000055000,98055237.78395,b,m
2026-02-06 00:35:34,0.0000055000,4786580.00000,b,m
2026-02-06 00:35:35,0.0000055000,8601818.18181,b,l
2026-02-06 00:35:38,0.0000054900,2185792.34973,b,m
2026-02-06 00:35:54,0.0000054900,98055200.00000,b,l
2026-02-06 00:35:54,0.0000054900,37.78395,b,l
2026-02-06 00:35:58,0.0000054800,19069343.00000,s,l
2026-02-06 00:36:02,0.0000054900,98055200.00000,b,l
2026-02-06 00:36:08,0.0000055000,909090.90909,b,m
2026-02-06 00:36:14,0.0000055000,10772000.00000,b,l
2026-02-06 00:36:58,0.0000055000,41.98963,b,l
2026-02-06 00:36:58,0.0000055000,19999958.01037,b,l
2026-02-06 00:37:06,0.0000054900,119619711.23735,s,l
2026-02-06 00:37:07,0.0000055000,10521055.00000,b,l
2026-02-06 00:37:12,0.0000055000,2611341.00000,b,l
2026-02-06 00:37:16,0.0000055100,10677000.00000,b,l
2026-02-06 00:37:22,0.0000055100,64.30955,b,l
2026-02-06 00:37:25,0.0000055200,2078582.22178,s,l
2026-02-06 00:37:26,0.0000055100,6229778.58010,s,l
2026-02-06 00:38:03,0.0000055300,31115200.00000,b,l
2026-02-06 00:38:03,0.0000055300,18.73074,b,l
2026-02-06 00:38:15,0.0000055300,3731343.28358,s,m
2026-02-06 00:38:50,0.0000055600,152707.05092,b,l
2026-02-06 00:38:57,0.0000055800,362968.42526,b,l
2026-02-06 00:38:57,0.0000055800,787711.69751,b,l
2026-02-06 00:38:58,0.0000055900,3900156.00624,b,m
2026-02-06 00:39:07,0.0000056000,10677064.30955,b,l
2026-02-06 00:39:18,0.0000056100,17920600.00000,b,l
2026-02-06 00:39:24,0.0000056000,2870700.00000,s,l
2026-02-06 00:39:43,0.0000056000,166668.00000,b,l
2026-02-06 00:39:52,0.0000056100,3278123.00000,b,l
2026-02-06 00:40:01,0.0000056000,74214220.38622,b,l
2026-02-06 00:40:01,0.0000056000,25785779.61378,b,l
2026-02-06 00:40:10,0.0000056000,891265.59714,b,m
2026-02-06 00:40:11,0.0000055900,11646862.00000,s,l
2026-02-06 00:40:26,0.0000055700,1518026.56546,s,m
2026-02-06 00:41:39,0.0000055400,4110466.56733,s,m
2026-02-06 00:41:51,0.0000055500,108433900.00000,s,l
2026-02-06 00:42:18,0.0000055600,3270111.00000,b,l
2026-02-06 00:42:31,0.0000055700,4020170.00000,b,l
2026-02-06 00:42:52,0.0000055700,1795332.13645,b,m
2026-02-06 00:43:11,0.0000055700,896057.34767,b,m
2026-02-06 00:43:26,0.0000055600,8992800.00000,s,l
2026-02-06 00:43:26,0.0000055600,5.75539,s,l
2026-02-06 00:43:44,0.0000055600,2765200.00000,b,l
2026-02-06 00:43:44,0.0000055600,42.74903,b,l
2026-02-06 00:43:49,0.0000055500,8675302.18700,s,l
2026-02-06 00:43:49,0.0000055500,13222269.81300,s,l
2026-02-06 00:43:56,0.0000055800,17377402.00000,b,l
2026-02-06 00:44:13,0.0000055600,3946942.00000,s,l
2026-02-06 00:44:17,0.0000055700,98055237.78395,b,l
2026-02-06 00:44:17,0.0000055700,53138951.56902,b,l
2026-02-06 00:44:19,0.0000055800,9105512.00000,b,l
2026-02-06 00:44:24,0.0000055700,78772832.69960,s,l
2026-02-06 00:44:29,0.0000055600,10370741.19665,s,l
2026-02-06 00:44:37,0.0000055700,59079624.52470,b,l
2026-02-06 00:44:41,0.0000055700,45586399.28000,b,l
2026-02-06 00:44:48,0.0000055700,3607844.00000,b,l
2026-02-06 00:44:50,0.0000055700,42348639.87352,b,l
2026-02-06 00:44:50,0.0000055700,446899164.84333,b,l
2026-02-06 00:44:50,0.0000055700,98055237.78395,b,l
2026-02-06 00:44:50,0.0000055700,641678.09016,b,l
2026-02-06 00:44:52,0.0000055800,34467300.00000,b,l
2026-02-06 00:44:53,0.0000055800,4358547.00000,s,l
2026-02-06 00:45:03,0.0000056000,20680430.32411,b,l
2026-02-06 00:45:03,0.0000056000,25850469.67589,b,l
2026-02-06 00:45:03,0.0000056000,68.22925,b,l
2026-02-06 00:45:22,0.0000056300,92966424.87000,b,l
2026-02-06 00:45:26,0.0000056300,8483491.00000,b,l
2026-02-06 00:45:34,0.0000056500,25246618.00000,b,l
2026-02-06 00:45:36,0.0000056500,26955967.33767,s,l
2026-02-06 00:45:39,0.0000056500,31218700.00000,b,l
2026-02-06 00:45:41,0.0000056600,1591555.97178,b,m
2026-02-06 00:45:41,0.0000056600,31218700.00000,b,m
2026-02-06 00:45:41,0.0000056600,19735680.21201,b,m
2026-02-06 00:45:49,0.0000056400,31218700.00000,b,l
2026-02-06 00:45:56,0.0000056400,886524.82269,s,l
2026-02-06 00:46:01,0.0000056400,98055237.78395,b,l
2026-02-06 00:46:01,0.0000056400,21900709.89805,b,l
2026-02-06 00:46:03,0.0000056400,31218700.00000,b,l
2026-02-06 00:46:13,0.0000056300,888099.46714,b,m
2026-02-06 00:46:21,0.0000056300,88687051.53200,b,l
2026-02-06 00:46:28,0.0000056200,94071033.60800,b,l
2026-02-06 00:46:42,0.0000056200,98055237.78395,b,l
2026-02-06 00:46:56,0.0000056200,8498559.00000,b,l
2026-02-06 00:46:59,0.0000056200,3561115.00000,b,l
2026-02-06 00:47:26,0.0000056100,98055237.78395,b,l
2026-02-06 00:47:38,0.0000056100,356506.23885,b,l
2026-02-06 00:47:39,0.0000056100,174758.00000,b,l
2026-02-06 00:47:56,0.0000056000,15527577.58924,b,l
2026-02-06 00:47:56,0.0000056000,11590022.41076,b,l
2026-02-06 00:47:56,0.0000056000,38.87435,b,l
2026-02-06 00:48:06,0.0000055900,10635300.00000,b,l
2026-02-06 00:48:08,0.0000055900,10635300.00000,b,l
2026-02-06 00:48:12,0.0000055900,6381100.00000,b,l
2026-02-06 00:48:12,0.0000055900,94.05322,b,l
2026-02-06 00:48:49,0.0000055800,8960573.47670,b,m
2026-02-06 00:49:05,0.0000055700,10000000.00000,b,l
2026-02-06 00:49:08,0.0000055700,8590106.00000,b,l
2026-02-06 00:49:13,0.0000055700,897666.06822,b,m
2026-02-06 00:49:32,0.0000055700,5524993.00000,b,l
2026-02-06 00:49:34,0.0000055700,92530244.78395,b,l
2026-02-06 00:49:34,0.0000055700,329712955.21605,b,l
2026-02-06 00:49:36,0.0000055700,83.42916,b,l
2026-02-06 00:49:40,0.0000055800,7384542.00000,b,l
2026-02-06 00:50:40,0.0000056200,16346268.00000,b,l
2026-02-06 00:51:06,0.0000056500,1693695.00000,b,l
2026-02-06 00:51:37,0.0000056400,4234238.00000,b,l
2026-02-06 00:51:53,0.0000056300,24046786.88711,s,l
2026-02-06 00:52:19,0.0000056400,100317100.00000,b,l
2026-02-06 00:52:20,0.0000056400,63.86943,b,l
2026-02-06 00:52:23,0.0000056300,888099.46714,s,l
2026-02-06 00:52:38,0.0000056200,9128330.00000,s,l
2026-02-06 00:52:46,0.0000056100,466361.00000,s,l
2026-02-06 00:53:46,0.0000056600,9217542.00000,b,l
2026-02-06 00:53:50,0.0000056700,11110500.00000,b,l
2026-02-06 00:53:50,0.0000056700,3536155.00000,s,l
2026-02-06 00:54:04,0.0000056600,4840290.00000,s,l
2026-02-06 00:54:58,0.0000056700,4219302.00000,b,l
2026-02-06 00:55:08,0.0000056600,5446996.46643,b,l
2026-02-06 00:55:54,0.0000056200,1000000.00000,s,l
2026-02-06 00:56:01,0.0000056200,200000000.00000,s,l
2026-02-06 00:56:02,0.0000056300,28039041.70364,b,m
2026-02-06 00:56:07,0.0000056300,7079928.95204,b,m
2026-02-06 00:56:08,0.0000056200,20820469.00000,s,l
2026-02-06 00:56:08,0.0000056300,4597245.00000,b,l
2026-02-06 00:56:17,0.0000056200,961098800.00000,s,l
2026-02-06 00:56:17,0.0000056200,32315600.00000,s,l
2026-02-06 00:56:17,0.0000056200,6.44483,s,l
2026-02-06 00:56:37,0.0000056100,27155736.00000,s,l
2026-02-06 00:56:40,0.0000056100,4062964.00000,s,l
2026-02-06 00:56:40,0.0000056100,880103.62085,s,l
2026-02-06 00:56:49,0.0000056200,9363957.59717,b,l
2026-02-06 00:57:11,0.0000056100,191170.00000,b,l
2026-02-06 00:57:16,0.0000056000,10000000.00000,s,l
2026-02-06 00:57:49,0.0000056100,591502.00000,b,l
2026-02-06 00:57:58,0.0000056200,2774167.14808,b,l
2026-02-06 00:58:01,0.0000056100,699300.69930,b,l
2026-02-06 00:58:30,0.0000056000,200000.00000,s,l
2026-02-06 00:58:36,0.0000056100,17222524.00000,b,l
2026-02-06 00:58:38,0.0000056000,68143600.00000,s,l
2026-02-06 00:58:45,0.0000056000,7512492.00000,s,l
2026-02-06 00:59:19,0.0000056200,889679.71530,b,m
2026-02-06 01:00:18,0.0000056300,510821.00000,b,l
2026-02-06 01:00:44,0.0000056100,8289241.62257,b,l
2026-02-06 01:01:21,0.0000056100,5347593.58289,s,l
2026-02-06 01:01:27,0.0000056100,26755793.22638,b,m
2026-02-06 01:02:04,0.0000056100,500000.00000,b,l
2026-02-06 01:02:10,0.0000056200,17793594.30605,b,m
2026-02-06 01:02:36,0.0000056100,1719016.00000,b,l
2026-02-06 01:02:44,0.0000056000,178430.15350,s,l
2026-02-06 01:02:44,0.0000056000,134031.84650,s,l
2026-02-06 01:02:54,0.0000055900,31218700.00000,s,l
2026-02-06 01:02:54,0.0000055900,46428359.00000,s,l
2026-02-06 01:03:39,0.0000056100,6238859.18004,b,m
2026-02-06 01:03:53,0.0000056100,8632112.00000,b,l
2026-02-06 01:04:12,0.0000056100,500000.00000,s,l
2026-02-06 01:04:21,0.0000056200,3565062.38859,b,m
2026-02-06 01:04:30,0.0000056300,254825932.50444,b,m
2026-02-06 01:04:30,0.0000056300,13517600.00000,b,l
2026-02-06 01:04:32,0.0000056300,67.49556,b,l
2026-02-06 01:04:35,0.0000056300,98055237.78395,b,l
2026-02-06 01:04:35,0.0000056300,32693492.76621,b,l
2026-02-06 01:05:09,0.0000056500,138290000.00000,b,l
2026-02-06 01:05:15,0.0000056400,1773049.64539,b,m
2026-02-06 01:06:09,0.0000056200,31218700.00000,s,m
2026-02-06 01:06:09,0.0000056100,31218700.00000,s,m
2026-02-06 01:06:09,0.0000056100,98055237.78395,s,m
2026-02-06 01:06:09,0.0000056100,94333294.72049,s,m
2026-02-06 01:06:25,0.0000056000,1339211.00000,s,l
2026-02-06 01:07:00,0.0000056100,446404.00000,s,l
2026-02-06 01:07:45,0.0000056400,3466354.00000,b,l
2026-02-06 01:07:50,0.0000056600,17523876.00000,b,l
2026-02-06 01:07:57,0.0000056600,2774100.00000,b,l
2026-02-06 01:07:57,0.0000056600,67.14808,b,l
2026-02-06 01:08:03,0.0000056700,8602314.00000,b,l
2026-02-06 01:08:05,0.0000056800,362900.00000,b,l
2026-02-06 01:08:06,0.0000056800,68.42526,b,l
2026-02-06 01:08:31,0.0000056700,28039041.70364,s,m
2026-02-06 01:09:13,0.0000056900,707964.60176,b,l
2026-02-06 01:09:13,0.0000056900,1543265.90638,b,l
2026-02-06 01:09:13,0.0000056900,137140000.00000,b,l
2026-02-06 01:09:28,0.0000057000,6120458.00000,b,l
2026-02-06 01:10:05,0.0000056800,98055200.00000,b,l
2026-02-06 01:10:05,0.0000056800,37.78395,b,l
2026-02-06 01:10:17,0.0000057000,4556606.30955,b,l
2026-02-06 01:10:17,0.0000057000,160000.00000,b,l
2026-02-06 01:11:25,0.0000056900,98055237.78395,b,l
2026-02-06 01:11:25,0.0000056900,31218700.00000,b,l
2026-02-06 01:11:25,0.0000056900,46164658.70727,b,l
2026-02-06 01:11:51,0.0000057200,33909600.00000,b,l
2026-02-06 01:11:59,0.0000057300,617922.00000,b,l
2026-02-06 01:12:18,0.0000057000,292300.00000,s,l
2026-02-06 01:13:10,0.0000056800,31218700.00000,b,l
2026-02-06 01:13:10,0.0000056800,98055237.78395,b,l
2026-02-06 01:13:10,0.0000056800,54738989.59418,b,l
2026-02-06 01:13:10,0.0000056900,31218700.00000,b,l
2026-02-06 01:13:10,0.0000056900,98055237.78395,b,l
2026-02-06 01:13:10,0.0000056900,27127755.38579,b,l
2026-02-06 01:13:10,0.0000056900,243911695.24160,b,l
2026-02-06 01:13:23,0.0000056800,21866197.00000,s,l
2026-02-06 01:13:35,0.0000056900,260000000.00000,s,l
2026-02-06 01:14:06,0.0000056900,2128098.00000,b,l
2026-02-06 01:14:14,0.0000056800,3363578.00000,b,l
2026-02-06 01:14:14,0.0000056800,94691659.78395,b,l
2026-02-06 01:14:14,0.0000056800,22431538.10261,b,l
2026-02-06 01:14:14,0.0000056800,131091278.87691,b,l
2026-02-06 01:14:14,0.0000056800,704225352.11267,b,l
2026-02-06 01:14:42,0.0000056900,8408944.00000,b,l
2026-02-06 01:15:03,0.0000056900,160000.00000,b,l
2026-02-06 01:15:29,0.0000057000,31218700.00000,b,l
2026-02-06 01:15:29,0.0000057000,3264058.62068,b,l
2026-02-06 01:15:45,0.0000057200,27792436.23571,b,m
2026-02-06 01:15:55,0.0000057100,98055237.78395,s,l
2026-02-06 01:15:55,0.0000057100,31218700.00000,s,l
2026-02-06 01:15:55,0.0000057100,46164658.70727,s,l
2026-02-06 01:16:11,0.0000057000,2932455.00000,b,l
2026-02-06 01:16:36,0.0000056900,1698038.00000,b,l
2026-02-06 01:16:43,0.0000056800,175916.58498,s,l
2026-02-06 01:16:43,0.0000056800,175916.58498,s,l
2026-02-06 01:16:43,0.0000056800,1086547.11174,s,l
2026-02-06 01:16:43,0.0000056800,2437568.00000,b,l
2026-02-06 01:17:45,0.0000057300,85065.69771,b,l
2026-02-06 01:18:01,0.0000057400,31218700.00000,b,l
2026-02-06 01:18:01,0.0000057500,1591555.97178,b,l
2026-02-06 01:18:01,0.0000057500,31218700.00000,b,l
2026-02-06 01:18:01,0.0000057500,23383631.44081,b,l
2026-02-06 01:18:19,0.0000057400,31218700.00000,b,l
2026-02-06 01:18:19,0.0000057400,25707018.00000,b,l
2026-02-06 01:18:32,0.0000057400,4167848.00000,b,l
2026-02-06 01:19:07,0.0000057200,1138111.88811,b,m
2026-02-06 01:19:22,0.0000057000,3868674.41631,s,m
2026-02-06 01:19:54,0.0000057000,98055237.78395,b,l
2026-02-06 01:19:54,0.0000057000,32136896.54863,b,l
2026-02-06 01:19:54,0.0000057000,7252365.66742,b,l
2026-02-06 01:19:54,0.0000057000,231169800.00000,b,l
2026-02-06 01:19:54,0.0000057000,113120100.00000,b,l
2026-02-06 01:19:54,0.0000057000,47555521.47410,b,l
2026-02-06 01:19:59,0.0000057100,387093.00000,b,l
2026-02-06 01:20:52,0.0000057200,8379490.00000,b,l
2026-02-06 01:20:56,0.0000057300,31218700.00000,b,l
2026-02-06 01:20:56,0.0000057300,11111851.00000,b,l
2026-02-06 01:20:59,0.0000057300,3490401.39616,b,m
2026-02-06 01:21:04,0.0000057200,29319910.00000,b,l
2026-02-06 01:21:16,0.0000057100,7816226.00000,s,l
2026-02-06 01:21:20,0.0000057100,614261.51860,s,l
2026-02-06 01:21:52,0.0000057100,2442021.00000,b,l
2026-02-06 01:21:53,0.0000057100,4189745.00000,b,l
2026-02-06 01:22:53,0.0000057100,17169740.00000,b,l
2026-02-06 01:23:02,0.0000057200,17482517.48252,b,m
2026-02-06 01:23:29,0.0000057300,669530700.00000,b,l
2026-02-06 01:23:30,0.0000057300,66.42803,b,l
2026-02-06 01:23:48,0.0000057300,1745200.69808,b,m
2026-02-06 01:23:51,0.0000057300,1000000.00000,b,l
2026-02-06 01:24:04,0.0000057100,31218700.00000,s,l
2026-02-06 01:24:35,0.0000057200,5745102.20000,s,l
2026-02-06 01:24:35,0.0000057200,6181465.80000,s,l
2026-02-06 01:24:47,0.0000057400,666856.00000,b,l
2026-02-06 01:25:15,0.0000057400,30551844.00000,b,l
2026-02-06 01:25:15,0.0000057400,317880211.74912,b,l
2026-02-06 01:25:25,0.0000057200,17482517.48252,s,l
2026-02-06 01:25:33,0.0000057300,8451335.00000,b,l
2026-02-06 01:25:57,0.0000057300,3416001.00000,b,l
2026-02-06 01:26:19,0.0000057200,250000.00000,s,l
2026-02-06 01:27:04,0.0000057200,13000000.00000,s,l
2026-02-06 01:27:14,0.0000057400,10772000.00000,b,l
2026-02-06 01:27:14,0.0000057400,41.98964,b,l
2026-02-06 01:27:18,0.0000057300,3107730.58891,s,m
2026-02-06 01:27:59,0.0000057200,2000000.00000,s,l
2026-02-06 01:28:02,0.0000057300,1503044.00000,b,l
2026-02-06 01:29:15,0.0000057100,875656.74256,b,m
2026-02-06 01:29:23,0.0000057100,8379490.00000,b,l
2026-02-06 01:29:33,0.0000057200,31218700.00000,b,m
2026-02-06 01:29:33,0.0000057200,12916151.13835,b,m
2026-02-06 01:29:34,0.0000057200,9779766.00000,b,l
2026-02-06 01:29:35,0.0000057100,31218700.00000,s,l
2026-02-06 01:30:18,0.0000057100,149976352.00000,s,l
2026-02-06 01:30:35,0.0000057200,390000000.00000,s,l
2026-02-06 01:30:42,0.0000057300,98055237.78395,b,m
2026-02-06 01:30:42,0.0000057300,6656804.53752,b,m
2026-02-06 01:30:49,0.0000057200,98055200.00000,b,l
2026-02-06 01:31:02,0.0000057300,167297.00000,b,l
2026-02-06 01:31:36,0.0000057300,2368129.00000,b,l
2026-02-06 01:33:10,0.0000057000,10000000.00000,s,l
2026-02-06 01:34:29,0.0000057300,206592.05935,s,l
2026-02-06 01:34:55,0.0000057300,872600.34904,s,m
2026-02-06 01:34:55,0.0000057300,99302850.16218,s,m
2026-02-06 01:35:15,0.0000057400,13124467.00000,b,l
2026-02-06 01:35:25,0.0000057200,33752064.48885,s,l
2026-02-06 01:36:24,0.0000057400,31218700.00000,s,l
2026-02-06 01:36:24,0.0000057400,317213355.74912,s,l
2026-02-06 01:36:27,0.0000057500,98055200.00000,b,l
2026-02-06 01:37:05,0.0000057400,8401596.00000,b,l
2026-02-06 01:37:33,0.0000057400,22817104.00000,b,m
2026-02-06 01:37:33,0.0000057400,98055237.78395,b,m
2026-02-06 01:37:33,0.0000057400,53343686.41115,b,m
2026-02-06 01:37:38,0.0000057300,12150716.00000,b,l
2026-02-06 01:37:51,0.0000057200,59309000.00000,s,l
2026-02-06 01:37:51,0.0000057200,5655200.00000,s,l
2026-02-06 01:37:54,0.0000057200,22.72657,s,l
2026-02-06 01:37:54,0.0000057100,2488732.27343,s,l
2026-02-06 01:39:57,0.0000057400,16671390.00000,b,l
2026-02-06 01:40:07,0.0000057300,17000000.00000,s,l
2026-02-06 01:42:48,0.0000057400,1002029.00000,b,l
2026-02-06 01:42:59,0.0000057400,24329188.00000,b,l
2026-02-06 01:43:57,0.0000057600,710479.57371,b,l
2026-02-06 01:43:59,0.0000057500,185000000.00000,s,l
2026-02-06 01:44:26,0.0000057400,1020617.38241,s,m
2026-02-06 01:44:30,0.0000057500,12130469.00000,b,l
2026-02-06 01:45:17,0.0000057400,20000000.00000,s,l
2026-02-06 01:46:09,0.0000057500,369924.00000,b,l
2026-02-06 01:46:35,0.0000057600,98055200.00000,b,l
2026-02-06 01:46:37,0.0000057700,362900.00000,b,l
2026-02-06 01:46:37,0.0000057700,68.42526,b,l
2026-02-06 01:46:56,0.0000057900,10677064.30955,b,l
2026-02-06 01:46:56,0.0000057900,31218700.00000,b,l
2026-02-06 01:46:56,0.0000057900,20705921.69045,b,l
2026-02-06 01:47:01,0.0000057800,351380.00000,b,l
2026-02-06 01:47:02,0.0000057700,27792436.23571,s,m
2026-02-06 01:47:39,0.0000057900,5181347.15026,b,m
2026-02-06 01:48:10,0.0000057900,3565062.38859,s,m
2026-02-06 01:48:53,0.0000058000,24849561.00000,b,l
2026-02-06 01:48:56,0.0000057900,98055200.00000,s,l
2026-02-06 01:48:56,0.0000057900,37.78395,s,l
2026-02-06 01:49:00,0.0000057900,87844999.99999,s,l
2026-02-06 01:49:00,0.0000057900,10210200.00000,s,l
2026-02-06 01:49:00,0.0000057900,37.78396,s,l
2026-02-06 01:49:57,0.0000058000,1724137.93103,s,l
2026-02-06 01:49:57,0.0000058000,8952926.37852,s,l
2026-02-06 01:50:39,0.0000058000,1665834.00000,b,l
2026-02-06 01:51:11,0.0000058000,3448275.86207,b,m
2026-02-06 01:51:44,0.0000058000,171703.69720,b,l
2026-02-06 01:51:48,0.0000058100,693240.90121,b,l
2026-02-06 01:51:48,0.0000058100,240520.09879,b,l
2026-02-06 01:52:14,0.0000058100,1543289.00000,b,l
2026-02-06 01:52:51,0.0000057900,442141.62348,s,l
2026-02-06 01:52:51,0.0000057800,1830652.37652,s,l
2026-02-06 01:53:29,0.0000057800,211414.45413,s,l
2026-02-06 01:53:59,0.0000057900,16527423.00000,b,l
2026-02-06 01:54:50,0.0000058000,7898037.00000,b,l
2026-02-06 01:55:08,0.0000058000,8000000.00000,b,m
2026-02-06 01:55:08,0.0000058100,29675411.00000,b,m
2026-02-06 01:55:08,0.0000058100,461477772.80551,b,m
2026-02-06 01:55:41,0.0000058100,17211703.95869,b,m
2026-02-06 01:55:52,0.0000058200,3359500.86058,b,l
2026-02-06 01:55:55,0.0000058000,1510392.39933,s,l
2026-02-06 01:56:09,0.0000058100,31218700.00000,b,l
2026-02-06 01:56:09,0.0000058100,9886876.00000,b,l
2026-02-06 01:56:35,0.0000058100,561814836.84246,b,l
2026-02-06 01:56:35,0.0000058100,36445781.85429,b,l
2026-02-06 01:56:35,0.0000058200,27859199.13942,b,m
2026-02-06 01:56:35,0.0000058200,190290888.12061,b,m
2026-02-06 01:58:23,0.0000058200,242268.04123,b,l
2026-02-06 01:59:06,0.0000058100,329411.00000,b,l
2026-02-06 02:00:02,0.0000058300,31218700.00000,b,l
2026-02-06 02:00:02,0.0000058300,29003999.47288,b,l
2026-02-06 02:00:02,0.0000058300,162880000.00000,b,l
2026-02-06 02:00:02,0.0000058300,278385322.52712,b,l
2026-02-06 02:00:35,0.0000058100,31218700.00000,s,l
2026-02-06 02:00:35,0.0000058100,40772641.00000,s,l
2026-02-06 02:01:07,0.0000058300,31218700.00000,b,m
2026-02-06 02:01:07,0.0000058300,369041300.00000,b,m
2026-02-06 02:01:46,0.0000058300,6278365.00000,b,l
2026-02-06 02:01:50,0.0000058400,1591500.00000,b,l
2026-02-06 02:01:51,0.0000058400,55.97178,b,l
2026-02-06 02:02:18,0.0000058400,2212328.76712,b,m
2026-02-06 02:02:46,0.0000058400,4960619.00000,b,l
2026-02-06 02:02:55,0.0000058400,409607.00000,b,l
2026-02-06 02:03:00,0.0000058300,1690267500.00000,s,l
2026-02-06 02:03:05,0.0000058300,81.47512,s,l
2026-02-06 02:03:18,0.0000058000,1438848.92086,s,m
2026-02-06 02:03:28,0.0000058000,1418439.71631,s,m
2026-02-06 02:03:33,0.0000058100,1000000.00000,b,l
2026-02-06 02:03:34,0.0000057900,1733102.25303,s,m
2026-02-06 02:04:04,0.0000058100,300654.00000,b,l
2026-02-06 02:04:19,0.0000058100,1647053.00000,b,l
2026-02-06 02:05:16,0.0000058300,16414027.00000,b,l
2026-02-06 02:06:02,0.0000058200,4295532.64604,s,l
2026-02-06 02:06:02,0.0000058200,25773167.35396,s,l
2026-02-06 02:06:03,0.0000058200,28.52233,s,l
2026-02-06 02:07:33,0.0000058000,31218700.00000,s,l
2026-02-06 02:07:33,0.0000058000,205953040.32052,s,l
2026-02-06 02:07:33,0.0000058000,466647662.67948,s,l
2026-02-06 02:07:35,0.0000058100,329411.00000,b,l
2026-02-06 02:07:48,0.0000058100,16442230.00000,b,l
2026-02-06 02:08:18,0.0000058000,315901800.00000,b,l
2026-02-06 02:08:29,0.0000058000,4999734.00000,b,l
2026-02-06 02:08:40,0.0000058100,1376936.31670,b,m
2026-02-06 02:11:13,0.0000057900,1665834.00000,b,l
2026-02-06 02:11:38,0.0000058000,499750.00000,b,l
2026-02-06 02:12:34,0.0000057700,693240.90121,s,l
2026-02-06 02:12:35,0.0000057700,835799.00000,b,l
2026-02-06 02:12:54,0.0000057700,5499411.00000,b,l
2026-02-06 02:12:57,0.0000057700,5755143.00000,b,l
2026-02-06 02:13:06,0.0000057700,4139004.00000,b,l
2026-02-06 02:13:15,0.0000057700,16692511.00000,b,l
2026-02-06 02:13:37,0.0000057600,1658471.00000,b,l
2026-02-06 02:14:01,0.0000057500,1184347.82608,s,m
2026-02-06 02:14:01,0.0000057500,11364652.17392,s,m
2026-02-06 02:14:03,0.0000057600,4340277.77777,b,l
2026-02-06 02:15:09,0.0000057400,1614750.87014,s,l
2026-02-06 02:16:32,0.0000057300,1181155.00000,b,l
2026-02-06 02:16:46,0.0000057400,4355400.69686,b,m
2026-02-06 02:17:10,0.0000057300,4006028.00000,s,l
2026-02-06 02:17:39,0.0000057500,31218700.00000,b,m
2026-02-06 02:17:39,0.0000057500,20955212.17391,b,m
2026-02-06 02:18:48,0.0000057600,27610008.62813,b,m
2026-02-06 02:20:03,0.0000057200,1000000.00000,s,l
2026-02-06 02:20:03,0.0000057200,4370629.37062,s,l
2026-02-06 02:20:03,0.0000057200,710479.57371,s,l
2026-02-06 02:20:09,0.0000057200,20244328.00000,b,l
2026-02-06 02:21:14,0.0000056900,31218700.00000,s,m
2026-02-06 02:21:14,0.0000056900,265513989.38488,s,m
2026-02-06 02:21:14,0.0000056900,29718136.82466,s,m
2026-02-06 02:21:14,0.0000056900,1028012069.04587,s,m
2026-02-06 02:21:14,0.0000056900,65216770.52822,s,m
2026-02-06 02:21:14,0.0000056900,267207380.52854,s,m
2026-02-06 02:21:15,0.0000057000,44106478.91149,b,l
2026-02-06 02:21:15,0.0000057000,9793335.28451,b,l
2026-02-06 02:21:15,0.0000057000,366723985.80400,b,l
2026-02-06 02:21:28,0.0000056900,3448275.86207,s,m
2026-02-06 02:22:06,0.0000057000,856105.26315,b,l
2026-02-06 02:22:55,0.0000057000,20459649.12281,b,m
2026-02-06 02:22:56,0.0000057000,1727243.00000,b,l
2026-02-06 02:23:14,0.0000056900,300989.47582,s,l
2026-02-06 02:24:11,0.0000056800,10862070.42312,s,l
2026-02-06 02:24:11,0.0000056800,880281.69015,s,l
2026-02-06 02:25:12,0.0000056900,130495800.00000,b,l
2026-02-06 02:25:12,0.0000056900,135018189.38488,b,l
2026-02-06 02:25:24,0.0000056800,56566000.00000,s,l
2026-02-06 02:25:25,0.0000056800,71984999.99999,s,l
2026-02-06 02:25:25,0.0000056800,144413999.99999,s,l
2026-02-06 02:25:25,0.0000056800,103734000.00000,s,l
2026-02-06 02:25:30,0.0000056800,146947126.76058,s,l
2026-02-06 02:26:28,0.0000056800,1805260.00000,s,l
2026-02-06 02:26:38,0.0000056900,8000000.00000,s,l
2026-02-06 02:27:21,0.0000057000,3398326.00000,b,l
2026-02-06 02:27:57,0.0000056900,4035935.00000,b,l
2026-02-06 02:28:57,0.0000056900,3363578.00000,b,l
2026-02-06 02:29:06,0.0000056900,3615503.00000,b,l
2026-02-06 02:29:30,0.0000057000,3514938.48858,b,m
2026-02-06 02:29:50,0.0000057000,8055871.00000,b,l
2026-02-06 02:30:05,0.0000057000,31156301.61409,s,l
2026-02-06 02:31:02,0.0000057100,1401050.78809,b,m
2026-02-06 02:31:29,0.0000057100,3397505.00000,b,l
2026-02-06 02:31:31,0.0000057100,30411919.96653,s,l
2026-02-06 02:33:44,0.0000057400,372920900.00000,b,l
2026-02-06 02:33:45,0.0000057400,62.14862,b,l
2026-02-06 02:35:18,0.0000057200,2398242.22886,s,l
2026-02-06 02:35:22,0.0000057300,210311900.00000,b,l
2026-02-06 02:36:07,0.0000057400,3372368.00000,b,l
2026-02-06 02:36:57,0.0000057400,201675.96803,s,l
2026-02-06 02:37:43,0.0000057500,5000000.00000,b,l
2026-02-06 02:38:20,0.0000057200,350877.19298,s,l
2026-02-06 02:39:24,0.0000057500,16803193.00000,b,l
2026-02-06 02:39:43,0.0000057600,710400.00000,b,l
2026-02-06 02:39:57,0.0000057600,79.57371,b,l
2026-02-06 02:40:20,0.0000057700,10000000.00000,b,l
2026-02-06 02:40:22,0.0000057600,3063300.00000,s,l
2026-02-06 02:40:22,0.0000057600,63.85049,s,l
2026-02-06 02:40:24,0.0000057600,160000.00000,b,l
2026-02-06 02:40:26,0.0000057600,3316942.00000,b,l
2026-02-06 02:40:35,0.0000057500,551110.00000,s,l
2026-02-06 02:40:41,0.0000057500,24448890.00000,s,l
2026-02-06 02:40:41,0.0000057400,15663793.00000,s,l
2026-02-06 02:44:36,0.0000057600,16584711.00000,b,l
2026-02-06 02:44:57,0.0000057500,1739130.43479,s,l
2026-02-06 02:46:03,0.0000057300,87174400.00000,s,l
2026-02-06 02:46:03,0.0000057300,57.32697,s,l
2026-02-06 02:46:24,0.0000057300,16642397.00000,b,l
2026-02-06 02:46:57,0.0000057200,16956815.11471,s,l
2026-02-06 02:46:57,0.0000057200,710384.88529,s,l
2026-02-06 02:46:57,0.0000057200,15.11471,s,l
2026-02-06 02:48:30,0.0000057100,5398068.00000,b,l
2026-02-06 02:49:09,0.0000057100,8690017.51313,b,m
2026-02-06 02:53:42,0.0000057000,8728288.00000,b,l
2026-02-06 02:54:15,0.0000056900,8787300.00000,s,l
2026-02-06 02:54:15,0.0000056900,46.22144,s,l
2026-02-06 02:56:30,0.0000056900,16817888.00000,b,l
2026-02-06 03:02:32,0.0000057200,6521593.00000,s,l
2026-02-06 03:02:39,0.0000057300,1750000.00000,b,m
2026-02-06 03:03:12,0.0000057300,1391300.00000,b,l
2026-02-06 03:03:12,0.0000057300,61.25654,b,l
2026-02-06 03:03:18,0.0000057400,1099121.60651,b,m
2026-02-06 03:03:25,0.0000057400,1428801.24400,b,m
2026-02-06 03:03:30,0.0000057400,1750000.00000,b,m
2026-02-06 03:04:06,0.0000057500,87106512.05166,b,l
2026-02-06 03:04:06,0.0000057500,28117087.94834,b,l
2026-02-06 03:04:06,0.0000057500,90341500.00000,b,l
2026-02-06 03:04:06,0.0000057500,143168700.00000,b,l
2026-02-06 03:05:05,0.0000057400,995368.00000,b,l
2026-02-06 03:05:26,0.0000057400,105156000.00000,b,l
2026-02-06 03:06:49,0.0000057300,232259225.00000,b,l
2026-02-06 03:07:36,0.0000057200,836484.00000,b,l
2026-02-06 03:08:01,0.0000057100,31218700.00000,s,l
2026-02-06 03:08:01,0.0000057100,34151458.52263,s,l
2026-02-06 03:08:19,0.0000057100,98055200.00000,b,l
2026-02-06 03:08:25,0.0000057200,97218700.00000,b,l
2026-02-06 03:08:38,0.0000057300,4175121.00000,b,l
2026-02-06 03:08:45,0.0000057200,255964.00000,b,l
2026-02-06 03:10:13,0.0000057200,31228723.00000,b,l
2026-02-06 03:11:59,0.0000056900,17412587.41259,s,m
2026-02-06 03:12:11,0.0000056900,52578000.00000,b,l
2026-02-06 03:12:50,0.0000056900,1757469.24429,b,m
2026-02-06 03:13:09,0.0000057000,3396076.00000,b,l
2026-02-06 03:14:27,0.0000057000,8394191.00000,b,l
2026-02-06 03:14:44,0.0000057000,641684.21052,b,l
2026-02-06 03:14:46,0.0000057000,1391300.00000,b,m
2026-02-06 03:15:09,0.0000057000,357593.00000,b,l
2026-02-06 03:17:13,0.0000057000,6703592.00000,b,l
2026-02-06 03:17:43,0.0000057100,98055237.78395,b,l
2026-02-06 03:17:43,0.0000057100,18820740.21605,b,l
2026-02-06 03:17:57,0.0000057000,7855992.00000,s,l
2026-02-06 03:18:33,0.0000057100,9176201.00000,b,l
2026-02-06 03:20:23,0.0000057100,505394.04553,b,l
2026-02-06 03:20:29,0.0000057000,31218700.00000,s,l
2026-02-06 03:20:29,0.0000057000,167183010.00000,s,l
2026-02-06 03:20:29,0.0000057100,26289000.00000,b,l
2026-02-06 03:21:01,0.0000057200,62000000.00000,b,l
2026-02-06 03:22:33,0.0000057200,2751244.41550,b,m
2026-02-06 03:23:11,0.0000057000,98055237.78395,b,m
2026-02-06 03:23:11,0.0000057000,1944762.21605,b,m
2026-02-06 03:23:31,0.0000056900,13144500.00000,b,l
2026-02-06 03:23:53,0.0000057100,1864565.00000,b,l
2026-02-06 03:24:28,0.0000057000,3512130.00000,b,l
2026-02-06 03:24:35,0.0000056900,3195399.00000,b,l
2026-02-06 03:24:54,0.0000056800,2737488.19340,s,m
2026-02-06 03:25:47,0.0000057000,27706570.00000,b,l
2026-02-06 03:25:47,0.0000057000,5929205.00000,b,l
2026-02-06 03:29:37,0.0000057200,7500000.00000,s,m
2026-02-06 03:29:48,0.0000057300,8350243.00000,b,l
2026-02-06 03:30:00,0.0000057200,500000.00000,s,l
2026-02-06 03:30:41,0.0000057300,6572200.00000,b,l
2026-02-06 03:31:08,0.0000057400,4429098.41307,s,l
2026-02-06 03:31:22,0.0000057500,20000000.00000,b,l
2026-02-06 03:33:22,0.0000057400,133090901.58693,s,l
2026-02-06 03:33:22,0.0000057400,51909098.41307,s,l
2026-02-06 03:33:22,0.0000057400,20710000.00000,s,l
2026-02-06 03:33:22,0.0000057400,133090900.00000,s,l
2026-02-06 03:33:22,0.0000057400,1.58693,s,l
2026-02-06 03:33:22,0.0000057400,4049098.41307,s,l
2026-02-06 03:34:15,0.0000057300,82935999.99999,s,l
2026-02-06 03:34:17,0.0000057300,872600.34904,b,m
2026-02-06 03:34:22,0.0000057300,97182637.43491,b,m
2026-02-06 03:34:22,0.0000057300,43976152.93075,b,m
2026-02-06 03:34:22,0.0000057300,32141383.94415,b,m
2026-02-06 03:34:43,0.0000057300,1690838.00000,b,l
2026-02-06 03:34:47,0.0000057300,3286100.00000,b,l
2026-02-06 03:34:47,0.0000057300,1643100.00000,b,l
2026-02-06 03:34:47,0.0000057300,821500.00000,b,l
2026-02-06 03:34:47,0.0000057300,410800.00000,b,l
2026-02-06 03:34:47,0.0000057300,205400.00000,b,l
2026-02-06 03:34:58,0.0000057300,6744737.00000,b,l
2026-02-06 03:35:10,0.0000057400,10000000.00000,b,m
2026-02-06 03:36:45,0.0000057500,17391304.34783,b,m
2026-02-06 03:37:10,0.0000057400,197896.89452,s,l
2026-02-06 03:37:10,0.0000057400,68976999.99999,s,l
2026-02-06 03:37:10,0.0000057400,5656700.00000,s,l
2026-02-06 03:37:18,0.0000057400,94.42508,s,l
2026-02-06 03:39:56,0.0000057300,10020291.00000,b,l
2026-02-06 03:40:50,0.0000057100,2563699.82547,s,m
2026-02-06 03:40:50,0.0000057100,1286467.48681,s,m
2026-02-06 03:40:50,0.0000057100,664310.95406,s,m
