timestamp,price,volume,side,type
2025-03-02 03:11:11,1.02400000,45.67150,s,l
2025-03-02 10:00:32,1.02100000,45.67150,s,l
2025-03-02 20:46:20,1.04660000,466.10940,b,l
2025-03-02 21:31:50,1.03420000,5.83280,s,l
2025-03-02 22:24:18,1.02960000,337.66724,s,l
2025-03-02 22:24:18,1.02950000,9.43136,s,l
2025-03-03 06:47:54,1.04210000,9.50860,b,l
2025-03-03 06:53:07,1.05170000,9.42360,b,l
2025-03-03 08:40:47,1.04000000,5.00000,s,l
2025-03-03 09:14:09,1.05530000,469.44520,b,l
2025-03-03 09:14:09,1.05540000,23.81500,b,l
2025-03-03 09:14:09,1.05540000,27.47804,b,l
2025-03-03 09:14:09,1.05900000,18.51713,b,l
2025-03-03 09:14:09,1.06000000,544.61483,b,l
2025-03-03 10:31:13,1.03210000,14.20240,s,l
2025-03-03 13:21:36,1.05990000,360.22580,b,l
2025-03-03 17:43:20,1.04680000,39.49290,s,l
2025-03-03 21:13:41,1.03940000,5.00000,s,l
2025-03-03 21:16:42,1.02800000,13.93100,s,l
2025-03-04 13:10:33,1.05360000,39.49289,b,l
2025-03-04 16:53:40,1.05370000,152.95409,b,l
2025-03-04 18:10:27,1.05370000,71.40243,b,l
2025-03-04 18:10:27,1.05370000,71.41018,b,l
2025-03-04 18:10:27,1.05370000,71.41793,b,l
2025-03-04 18:10:27,1.05370000,71.42568,b,l
2025-03-04 18:10:27,1.05370000,33.05581,b,l
2025-03-04 20:24:17,1.06000000,6.09185,b,l
2025-03-04 20:24:17,1.06000000,6.09260,b,l
2025-03-04 20:24:17,1.06000000,6.09335,b,l
2025-03-04 20:24:17,1.06000000,6.09411,b,l
2025-03-04 20:24:17,1.06000000,6.09486,b,l
2025-03-04 20:24:17,1.06000000,6.09561,b,l
2025-03-04 20:24:17,1.06000000,6.09645,b,l
2025-03-04 20:24:17,1.06000000,6.09730,b,l
2025-03-04 20:24:17,1.06000000,6.09815,b,l
2025-03-04 20:24:17,1.06000000,6.09899,b,l
2025-03-04 20:24:17,1.06000000,6.09984,b,l
2025-03-04 20:24:17,1.06000000,6.10068,b,l
2025-03-04 20:24:17,1.06000000,6.10153,b,l
2025-03-04 20:24:17,1.06000000,6.10237,b,l
2025-03-04 20:24:17,1.06000000,6.10322,b,l
2025-03-04 20:24:17,1.06000000,6.10407,b,l
2025-03-04 20:24:17,1.06000000,6.10482,b,l
2025-03-04 20:24:17,1.06000000,6.10557,b,l
2025-03-04 20:24:17,1.06000000,6.10632,b,l
2025-03-04 20:24:17,1.06000000,6.10707,b,l
2025-03-04 20:24:17,1.06000000,6.10782,b,l
2025-03-04 20:24:17,1.06000000,6.10858,b,l
2025-03-04 20:24:17,1.06000000,6.10933,b,l
2025-03-04 21:16:41,1.05800000,7914.88128,b,l
2025-03-04 21:57:14,1.06000000,3.56825,b,l
2025-03-04 21:57:37,1.06080000,47.13423,b,l
2025-03-04 23:05:23,1.06080000,12.68876,b,l
2025-03-04 23:08:33,1.06100000,502.12395,b,l
2025-03-04 23:08:33,1.06100000,497.87605,b,l
2025-03-05 07:01:38,1.06200000,598.99796,b,l
2025-03-05 07:01:38,1.06200000,401.00204,b,l
2025-03-05 07:27:36,1.06300000,709.36697,b,l
2025-03-05 07:28:48,1.06300000,289.82647,b,l
2025-03-05 07:29:32,1.06300000,0.80656,b,l
2025-03-05 07:29:32,1.07130000,50.71215,b,l
2025-03-05 07:29:32,1.07140000,5.00000,b,l
2025-03-05 07:29:32,1.08610000,42.86123,b,l
2025-03-05 07:29:32,1.12990000,98.76086,b,l
2025-03-05 08:37:59,1.06300000,5.94793,s,l
2025-03-05 11:42:34,1.06600000,4742.08958,b,l
2025-03-05 11:42:34,1.06600000,0.04743,b,l
2025-03-05 12:43:32,1.06610000,50.71214,s,l
2025-03-05 13:39:41,1.06620000,197.96505,s,m
2025-03-05 14:16:02,1.07300000,54.38750,b,l
2025-03-05 14:32:25,1.07300000,192.77863,b,l
2025-03-05 14:32:25,1.07300000,192.80248,b,l
2025-03-05 14:32:25,1.07300000,192.82634,b,l
2025-03-05 14:32:25,1.07300000,192.85019,b,l
2025-03-05 14:32:25,1.07300000,174.35486,b,l
2025-03-05 14:40:53,1.07400000,22.41908,b,l
2025-03-05 14:40:53,1.07400000,98.17720,b,l
2025-03-05 14:40:53,1.07400000,75.87683,b,l
2025-03-05 14:40:53,1.07400000,75.67695,b,l
2025-03-05 14:40:53,1.07400000,75.47866,b,l
2025-03-05 14:40:53,1.07400000,75.28208,b,l
2025-03-05 14:40:53,1.07400000,75.08708,b,l
2025-03-05 14:40:53,1.07400000,74.89369,b,l
2025-03-05 14:40:53,1.07400000,74.70169,b,l
2025-03-05 14:40:53,1.07400000,74.51119,b,l
2025-03-05 14:40:53,1.07400000,74.32238,b,l
2025-03-05 14:40:53,1.07400000,74.13507,b,l
2025-03-05 14:40:53,1.07400000,73.94925,b,l
2025-03-05 14:40:53,1.07400000,55.48885,b,l
2025-03-05 15:23:04,1.07500000,3.03000,b,l
2025-03-05 16:04:51,1.07500000,438.25528,b,l
2025-03-05 16:04:51,1.07500000,436.01259,b,l
2025-03-05 16:04:51,1.07500000,122.70212,b,l
2025-03-05 16:10:00,1.07600000,289.93124,b,l
2025-03-05 16:10:00,1.07600000,289.96068,b,l
2025-03-05 16:10:00,1.07600000,289.99012,b,l
2025-03-05 16:10:01,1.07600000,130.11796,b,l
2025-03-05 18:38:50,1.07700000,22.41341,b,l
2025-03-05 19:01:21,1.07700000,920.22310,b,l
2025-03-05 19:52:29,1.07700000,57.36348,b,l
2025-03-05 23:30:39,1.07800000,1.00000,b,l
2025-03-05 23:33:03,1.07800000,5.00000,b,l
2025-03-05 23:33:30,1.06830000,6.00000,s,l
2025-03-06 00:20:14,1.07700000,4671.38966,b,l
2025-03-06 00:53:42,1.07800000,41.41596,b,l
2025-03-06 00:53:42,1.07800000,41.42434,b,l
2025-03-06 00:53:42,1.07800000,41.43262,b,l
2025-03-06 00:53:42,1.07800000,41.44090,b,l
2025-03-06 00:53:42,1.07800000,41.44928,b,l
2025-03-06 00:53:42,1.07800000,41.45756,b,l
2025-03-06 00:53:42,1.07800000,41.46584,b,l
2025-03-06 00:53:42,1.07800000,41.47422,b,l
2025-03-06 00:53:42,1.07800000,41.48259,b,l
2025-03-06 00:53:42,1.07800000,41.49087,b,l
2025-03-06 00:53:42,1.07800000,41.49925,b,l
2025-03-06 00:53:42,1.07800000,41.50763,b,l
2025-03-06 00:53:42,1.07800000,41.51591,b,l
2025-03-06 00:53:42,1.07800000,41.52429,b,l
2025-03-06 00:53:42,1.07800000,41.53267,b,l
2025-03-06 00:53:42,1.07800000,41.54095,b,l
2025-03-06 00:53:42,1.07800000,41.54933,b,l
2025-03-06 00:53:42,1.07800000,41.55771,b,l
2025-03-06 00:53:42,1.07800000,41.56588,b,l
2025-03-06 00:53:42,1.07800000,41.57416,b,l
2025-03-06 00:53:42,1.07800000,41.58244,b,l
2025-03-06 00:53:42,1.07800000,41.59062,b,l
2025-03-06 00:53:42,1.07800000,41.59890,b,l
2025-03-06 00:53:42,1.07800000,39.32607,b,l
2025-03-06 05:14:34,1.08490000,8.96291,b,l
2025-03-06 12:19:55,1.07450000,0.99650,s,l
2025-03-06 12:20:29,1.07450000,0.99010,s,l
2025-03-06 12:21:11,1.07450000,0.99010,s,l
2025-03-06 12:22:42,1.07450000,0.99010,s,l
2025-03-06 12:38:12,1.07450000,0.99010,s,l
2025-03-06 12:49:41,1.07450000,0.99010,s,l
2025-03-06 12:50:17,1.07450000,0.99010,s,l
2025-03-06 13:20:09,1.07470000,0.99010,s,l
2025-03-06 13:28:26,1.07470000,0.99010,s,l
2025-03-06 13:36:37,1.08490000,471.90342,b,l
2025-03-06 13:36:37,1.08500000,403.64608,b,l
2025-03-06 13:37:32,1.08490000,471.90342,b,l
2025-03-06 13:37:32,1.08500000,403.65478,b,l
2025-03-06 13:37:56,1.08490000,471.90342,b,l
2025-03-06 13:37:56,1.08500000,192.69914,b,l
2025-03-06 13:37:56,1.08550000,349.03404,b,l
2025-03-06 13:47:40,1.07470000,0.99010,s,l
2025-03-06 13:54:55,1.07470000,0.99010,s,l
2025-03-06 14:30:12,1.08040000,18.25968,s,l
2025-03-06 14:30:12,1.08030000,6.58747,s,l
2025-03-06 16:38:07,1.09950000,50.56810,b,l
2025-03-06 19:08:30,1.07650000,1.48510,s,l
2025-03-06 19:09:19,1.07580000,0.99010,s,l
2025-03-06 20:57:27,1.07680000,0.99010,s,l
2025-03-07 00:03:14,1.07550000,60.30260,s,m
2025-03-07 01:10:38,1.07680000,0.99010,s,l
2025-03-07 01:11:35,1.07600000,0.99010,s,l
2025-03-07 01:16:34,1.07610000,0.99010,s,l
2025-03-07 03:34:41,1.09890000,11.13700,b,l
2025-03-07 10:32:03,1.08340000,0.99010,s,l
2025-03-07 10:42:50,1.09930000,249.25488,b,l
2025-03-07 10:42:50,1.09940000,18.25968,b,l
2025-03-07 10:42:50,1.10000000,9732.48544,b,l
2025-03-07 11:59:26,1.08570000,16.77153,s,l
2025-03-07 11:59:51,1.08560000,15.41390,s,l
2025-03-07 12:44:49,1.07700000,0.99010,s,l
2025-03-07 12:45:08,1.07780000,0.99010,s,l
2025-03-07 13:15:28,1.08120000,2.97030,s,l
2025-03-07 13:46:41,1.08400000,750.80132,b,l
2025-03-07 13:46:41,1.08400000,750.80132,b,l
2025-03-07 13:46:41,1.08400000,750.80132,b,l
2025-03-07 13:46:41,1.08400000,750.80132,b,l
2025-03-07 13:46:41,1.08400000,750.80132,b,l
2025-03-07 13:46:41,1.08400000,107.73820,b,l
2025-03-07 13:46:41,1.08400000,643.06312,b,l
2025-03-07 13:46:42,1.08400000,107.73820,b,l
2025-03-07 13:46:45,1.08400000,750.80132,b,l
2025-03-07 13:46:45,1.08400000,750.80132,b,l
2025-03-07 13:46:46,1.08400000,750.80132,b,l
2025-03-07 13:46:46,1.08400000,750.80132,b,l
2025-03-07 13:46:46,1.08400000,750.80132,b,l
2025-03-07 13:46:46,1.08400000,750.80132,b,l
2025-03-07 13:46:46,1.08400000,397.66490,b,l
2025-03-07 13:46:46,1.08400000,353.13642,b,l
2025-03-07 13:46:46,1.08400000,44.52848,b,l
2025-03-07 13:46:46,1.08400000,308.60794,b,l
2025-03-07 13:46:51,1.08400000,44.52848,b,l
2025-03-08 16:50:21,1.07880000,101.98625,s,m
2025-03-09 02:02:32,1.07690000,65.06497,s,l
2025-03-09 03:50:21,1.07700000,75.80115,s,l
2025-03-09 04:28:57,1.09970000,2.07710,b,l
2025-03-09 06:31:15,1.09430000,32.00000,b,m
2025-03-09 06:42:08,1.07730000,18.89566,s,l
2025-03-09 14:36:35,1.09270000,91.60100,b,l
2025-03-09 14:42:23,1.09210000,18.15000,b,l
2025-03-09 15:07:07,1.09220000,1172.58046,s,l
2025-03-09 15:07:07,1.09220000,1.19723,s,l
2025-03-09 15:22:34,1.08010000,222.13433,s,m
2025-03-09 15:22:34,1.07980000,191.10721,s,m
2025-03-09 15:22:34,1.07970000,760.53615,s,m
2025-03-09 15:29:25,1.08980000,43.46190,b,l
2025-03-09 15:53:19,1.09160000,249.25488,b,l
2025-03-09 15:53:19,1.09170000,16.77153,b,l
2025-03-09 15:53:19,1.09210000,193.58242,b,l
2025-03-09 15:53:19,1.09220000,721.14977,b,l
2025-03-09 15:53:31,1.08040000,222.07265,s,l
2025-03-09 15:53:31,1.08030000,8.07694,s,l
2025-03-09 15:55:11,1.07520000,223.14667,s,l
2025-03-09 15:55:11,1.07510000,7.93897,s,l
2025-03-09 15:56:01,1.07820000,222.52578,s,l
2025-03-09 15:56:01,1.07810000,7.98456,s,l
2025-03-09 15:57:16,1.07760000,222.64968,s,l
2025-03-09 15:57:16,1.07750000,8.05211,s,l
2025-03-09 16:06:51,1.08000000,222.15490,s,l
2025-03-09 16:06:51,1.07990000,8.07947,s,l
2025-03-09 16:07:16,1.07600000,21.09594,s,l
2025-03-09 16:37:45,1.07570000,12.75379,s,l
2025-03-09 17:53:17,1.09130000,1.16530,b,l
2025-03-09 20:24:10,1.09130000,18.53550,b,l
2025-03-09 20:25:48,1.09150000,1.56300,b,l
2025-03-09 20:29:01,1.08010000,0.99010,s,l
2025-03-09 22:24:36,1.08010000,59.40590,s,l
2025-03-09 22:25:38,1.08050000,29.70300,s,l
2025-03-09 22:26:26,1.08090000,49.50500,s,l
2025-03-09 22:27:38,1.08170000,39.60400,s,l
2025-03-09 22:28:51,1.07520000,146.61550,s,l
2025-03-09 22:58:00,1.08190000,5.75590,s,l
2025-03-10 01:26:29,1.08050000,2.03610,s,l
2025-03-10 10:56:39,1.08070000,89.79610,s,l
2025-03-10 13:24:00,1.08180000,102.12210,s,l
2025-03-10 14:53:02,1.09090000,249.25488,b,l
2025-03-10 14:53:02,1.09140000,22.00137,b,l
2025-03-10 14:53:02,1.09220000,27.44080,b,l
2025-03-10 14:53:02,1.09980000,40.13205,b,l
2025-03-10 14:53:02,1.09990000,122.42214,b,l
2025-03-10 14:53:02,1.10000000,2345.60456,b,l
2025-03-10 14:53:02,1.10000000,277.65490,b,l
2025-03-10 15:17:06,1.08370000,15.30940,s,l
2025-03-10 15:17:33,1.08360000,13.34124,s,l
2025-03-10 15:31:56,1.08120000,34.94674,s,l
2025-03-10 16:43:27,1.09660000,71.08870,b,l
2025-03-10 16:56:28,1.08960000,9.43790,b,l
2025-03-10 17:26:48,1.09020000,46.12120,b,m
2025-03-11 06:06:10,1.08780000,250.34092,b,l
2025-03-11 06:06:10,1.08790000,15.30940,b,l
2025-03-11 06:06:10,1.08810000,13.34124,b,l
2025-03-11 06:06:10,1.09990000,34.94674,b,l
2025-03-11 06:06:10,1.10000000,52.86010,b,l
2025-03-11 07:51:13,1.09990000,46.72810,b,l
2025-03-11 13:37:22,1.09990000,21.74830,b,l
2025-03-11 18:12:47,1.09990000,87.44700,b,l
2025-03-11 18:22:11,1.09000000,39.60400,s,l
2025-03-11 18:57:37,1.09990000,145.99040,b,l
2025-03-11 19:36:05,1.09990000,5.00000,b,m
2025-03-11 20:21:52,1.08150000,5.00000,s,m
2025-03-11 22:16:16,1.08690000,85.30170,s,l
2025-03-11 23:38:07,1.08940000,6.26640,s,l
2025-03-12 02:56:58,1.08940000,7.75801,s,l
2025-03-12 03:00:42,1.09480000,10.40025,b,m
2025-03-12 07:23:01,1.08690000,7.75801,s,l
2025-03-12 11:43:16,1.08570000,17.42200,s,l
2025-03-12 11:44:20,1.08570000,26.13300,s,l
2025-03-12 15:14:35,1.09770000,49.82140,b,l
2025-03-12 15:14:35,1.09780000,250.53339,b,l
2025-03-12 15:14:35,1.10000000,3127.10461,b,l
2025-03-12 15:31:47,1.10000000,6.40511,b,m
2025-03-12 15:48:54,1.08660000,6.40511,s,m
2025-03-12 16:37:35,1.08700000,14.08284,s,l
2025-03-12 16:37:35,1.08690000,15.37539,s,l
2025-03-12 16:37:35,1.08570000,1.11377,s,l
2025-03-12 17:52:55,1.08570000,10.40025,s,m
2025-03-12 18:58:38,1.09740000,20.48795,b,l
2025-03-12 18:58:38,1.09750000,15.37539,b,l
2025-03-12 18:58:38,1.09990000,11.51402,b,l
2025-03-12 18:58:38,1.10000000,452.45004,b,l
2025-03-12 18:59:04,1.10000000,89.89400,b,l
2025-03-12 19:31:27,1.08640000,5.34830,s,l
2025-03-12 20:51:34,1.08610000,15.47217,s,l
2025-03-12 20:51:34,1.08570000,30.72173,s,l
2025-03-12 20:58:15,1.09980000,5.00000,b,m
2025-03-13 10:41:53,1.08570000,13.95370,s,l
2025-03-13 12:08:45,1.08560000,159.13630,s,l
2025-03-13 12:08:45,1.08560000,6.96140,s,l
2025-03-13 12:09:24,1.08550000,159.18599,s,l
2025-03-13 12:09:24,1.08550000,88.09507,s,l
2025-03-13 17:38:17,1.07450000,295.81395,s,l
2025-03-13 17:38:17,1.07440000,595.27515,s,l
2025-03-13 18:37:33,1.07450000,9.51230,s,l
2025-03-13 20:49:28,1.07450000,35.06743,s,l
2025-03-14 03:21:37,1.09480000,10.47217,b,l
2025-03-14 03:21:37,1.09590000,25.72638,b,l
2025-03-14 04:05:45,1.07490000,13.06650,s,l
2025-03-14 04:06:09,1.07490000,2.66368,s,l
2025-03-14 04:06:09,1.07480000,10.40282,s,l
2025-03-14 10:41:10,1.08970000,76.50819,s,l
2025-03-14 10:41:10,1.08970000,307.23181,s,l
2025-03-14 10:41:10,1.08490000,15.68115,s,l
2025-03-14 12:45:42,1.09130000,14.29790,b,l
2025-03-14 15:49:45,1.07470000,60.82706,s,l
2025-03-14 17:26:22,1.07480000,99.00990,s,l
2025-03-16 17:05:12,1.09200000,15.73018,b,l
2025-03-16 17:05:12,1.09210000,19.30200,b,l
2025-03-16 17:05:12,1.09590000,197.17702,b,l
2025-03-16 17:05:12,1.09600000,251.00006,b,l
2025-03-16 17:05:12,1.10000000,10904.84524,b,l
2025-03-16 18:33:04,1.08540000,102.56840,s,l
2025-03-17 10:00:44,1.08740000,47.73103,s,l
2025-03-17 12:05:46,1.08100000,31.37632,s,l
2025-03-17 20:13:42,1.09940000,8.49880,b,l
2025-03-18 00:50:21,1.09840000,30.83540,b,l
2025-03-18 07:46:32,1.09940000,1.00060,b,l
2025-03-18 10:14:29,1.09960000,7.79397,b,l
2025-03-18 10:17:28,1.09960000,6.66111,b,l
2025-03-18 10:35:35,1.09960000,5.00000,b,l
2025-03-18 10:38:54,1.09960000,5.00000,b,l
2025-03-18 14:28:49,1.09920000,5.25860,b,l
2025-03-18 18:07:46,1.09960000,7.04560,b,l
2025-03-18 19:12:54,1.09970000,9.01230,b,l
2025-03-19 06:36:42,1.09000000,24.45508,s,m
2025-03-19 09:59:17,1.09220000,6.59661,s,l
2025-03-19 10:04:18,1.09400000,5.97364,b,l
2025-03-19 10:09:17,1.09620000,5.45142,s,l
2025-03-19 10:14:17,1.09840000,5.00000,s,l
2025-03-19 10:19:17,1.09820000,5.00000,b,l
2025-03-19 10:24:17,1.09720000,5.00000,b,l
2025-03-19 10:29:16,1.09880000,5.00000,b,l
2025-03-19 10:34:17,1.09760000,5.00000,b,l
2025-03-19 10:39:18,1.09700000,5.00000,b,l
2025-03-19 10:44:17,1.09540000,5.00000,b,l
2025-03-19 10:49:17,1.09400000,5.00000,b,l
2025-03-19 10:54:18,1.09620000,5.00000,s,l
2025-03-19 14:13:13,1.09620000,22.78278,s,l
2025-03-19 14:13:13,1.09620000,0.02327,s,l
2025-03-19 17:51:10,1.08290000,63.02167,s,m
2025-03-19 20:10:28,1.08340000,22.80605,s,m
2025-03-20 03:20:16,1.08220000,299.25429,s,l
2025-03-20 03:20:16,1.08210000,205.69621,s,l
2025-03-20 03:22:31,1.08900000,247.52480,s,l
2025-03-20 03:24:08,1.08800000,247.52480,s,l
2025-03-20 04:34:27,1.08870000,11.48524,s,l
2025-03-20 15:17:43,1.09640000,9.09544,b,m
2025-03-20 16:32:34,1.09340000,18.12500,b,l
2025-03-20 17:30:13,1.08220000,5.00000,s,m
2025-03-20 18:43:45,1.08600000,673.33782,s,l
2025-03-20 18:43:45,1.08600000,203.94235,s,l
2025-03-20 18:43:45,1.08600000,673.33782,s,l
2025-03-20 18:43:45,1.08600000,204.00888,s,l
2025-03-20 18:43:45,1.08600000,673.33782,s,l
2025-03-20 18:43:45,1.08600000,673.33782,s,l
2025-03-20 18:43:45,1.08600000,204.07543,s,l
2025-03-20 18:43:45,1.08600000,204.14201,s,l
2025-03-20 18:43:45,1.08600000,625.33580,s,l
2025-03-20 18:43:45,1.08600000,48.00202,s,l
2025-03-20 18:43:45,1.08600000,204.20860,s,l
2025-03-20 18:43:45,1.08600000,216.98519,s,l
2025-03-20 23:16:35,1.08600000,5.00000,b,m
2025-03-21 11:16:19,1.07740000,100.04289,s,l
2025-03-21 11:42:41,1.07830000,97.54204,s,l
2025-03-21 18:13:40,1.09540000,1.00420,b,l
2025-03-21 18:25:15,1.09230000,9.89470,b,l
2025-03-21 18:27:11,1.07970000,3.00000,s,l
2025-03-21 18:27:36,1.07610000,6.89470,s,l
2025-03-22 08:56:39,1.08860000,73.14620,b,m
2025-03-22 17:38:34,1.08900000,48.73890,b,l
2025-03-22 17:39:15,1.08940000,6.96090,b,l
2025-03-22 18:48:56,1.08960000,18.35536,b,m
2025-03-23 16:52:11,1.07890000,54.60230,s,l
2025-03-23 20:32:24,1.08960000,6.46540,b,l
2025-03-24 08:14:05,1.08960000,1.00050,b,l
2025-03-24 08:27:56,1.08960000,10.57250,b,l
2025-03-24 09:43:02,1.08020000,10.36420,s,l
2025-03-24 10:02:18,1.08960000,41.29956,b,l
2025-03-24 14:51:25,1.08880000,6.42660,b,l
2025-03-24 15:20:41,1.07880000,6.53013,s,l
2025-03-24 15:20:41,1.07760000,254.03097,s,l
2025-03-24 15:21:11,1.08880000,16.37320,b,l
2025-03-24 15:56:01,1.07720000,7.92080,s,l
2025-03-24 16:31:33,1.07720000,5.00250,s,l
2025-03-24 18:16:36,1.08800000,18.20160,b,l
2025-03-24 23:48:25,1.08150000,746.56172,s,l
2025-03-24 23:48:25,1.08150000,746.56172,s,l
2025-03-24 23:48:25,1.08150000,746.56172,s,l
2025-03-24 23:48:25,1.08150000,746.56172,s,l
2025-03-24 23:48:25,1.08150000,285.11095,s,l
2025-03-24 23:48:25,1.08150000,461.45077,s,l
2025-03-24 23:48:27,1.08150000,285.11095,s,l
2025-03-26 13:38:35,1.08760000,248.80341,b,l
2025-03-26 13:38:35,1.08770000,115.48920,b,l
2025-03-26 13:38:35,1.09000000,725.03739,b,l
2025-03-26 13:39:10,1.07710000,84.31464,s,l
2025-03-26 13:39:10,1.07710000,116.62575,s,l
2025-03-26 13:39:10,1.07700000,9.41890,s,l
2025-03-26 17:27:44,1.07710000,18.04335,s,l
2025-03-26 17:30:49,1.07700000,155.40815,s,l
2025-03-26 17:30:49,1.07700000,592.93676,s,l
2025-03-26 17:30:49,1.07700000,62.01455,s,l
2025-03-26 17:30:49,1.07700000,93.39360,s,l
2025-03-26 17:30:50,1.07700000,62.01455,s,l
2025-03-26 21:28:50,1.07600000,748.34491,s,l
2025-03-26 21:28:50,1.07600000,243.65509,s,l
2025-03-27 08:47:52,1.08460000,1.82930,b,l
2025-03-27 11:32:34,1.08500000,248.80341,b,m
2025-03-27 11:32:34,1.08530000,18.04335,b,m
2025-03-27 11:32:34,1.08990000,200.94039,b,m
2025-03-27 11:32:34,1.09000000,4267.29442,b,m
2025-03-27 12:19:33,1.07720000,155.37272,s,m
2025-03-27 12:19:33,1.07710000,18.09016,s,m
2025-03-27 12:19:33,1.07690000,18.44950,s,m
2025-03-27 12:19:33,1.07530000,203.66861,s,m
2025-03-27 12:19:33,1.07520000,4339.02708,s,m
2025-03-28 18:49:27,1.08950000,18.09016,b,l
2025-03-28 18:49:27,1.08960000,4.23484,b,l
2025-03-28 22:02:30,1.07550000,64.79500,s,l
2025-03-29 03:43:00,1.07590000,21.88510,s,l
2025-03-29 05:02:54,1.08800000,1.82180,b,l
2025-03-29 06:33:11,1.07600000,1.80380,s,l
2025-03-29 10:32:09,1.08860000,249.01920,b,l
2025-03-29 10:32:09,1.08870000,14.21466,b,l
2025-03-29 10:32:09,1.08890000,203.66861,b,l
2025-03-29 10:32:09,1.09000000,212.53133,b,l
2025-03-29 10:34:18,1.08990000,196.97040,b,l
2025-03-29 11:35:04,1.08020000,13.02864,s,l
2025-03-29 12:29:37,1.08990000,249.01920,b,l
2025-03-29 12:29:37,1.09000000,299.62570,b,l
2025-03-29 12:40:40,1.08000000,262.18462,s,l
2025-03-29 12:40:40,1.07980000,205.38497,s,l
2025-03-29 12:40:40,1.07970000,391.56591,s,l
2025-03-29 13:33:02,1.07610000,8.59140,s,l
2025-03-30 00:30:22,1.08000000,9258.33342,b,l
2025-03-30 00:30:22,1.08000000,748.86137,b,l
2025-03-30 00:30:22,1.08000000,13247.67401,b,l
2025-03-30 00:30:30,1.08000000,734.17781,s,l
2025-03-30 00:30:57,1.08000000,14.68356,s,l
2025-03-30 00:30:57,1.08000000,95.20239,s,l
2025-03-30 01:45:33,1.08960000,45.47910,b,l
2025-03-30 10:04:51,1.08960000,40.41270,b,l
2025-03-30 10:05:02,1.08000000,40.41270,s,l
2025-03-31 12:16:40,1.08960000,91.86770,b,l
2025-03-31 12:17:05,1.08000000,91.04830,s,l
2025-03-31 12:27:44,1.08960000,284.37423,b,l
2025-03-31 12:27:44,1.08990000,205.38497,b,l
2025-03-31 12:27:44,1.09000000,5014.07040,b,l
2025-03-31 12:28:16,1.08000000,745.12986,s,l
2025-03-31 12:28:16,1.08000000,15.20675,s,l
2025-03-31 13:39:01,1.07690000,64.08058,s,l
2025-03-31 14:09:57,1.08000000,11.67760,b,l
2025-03-31 14:15:26,1.08000000,36.97294,b,l
2025-03-31 15:35:41,1.09000000,106.47700,b,l
2025-03-31 15:38:00,1.07660000,104.37900,s,l
2025-03-31 18:05:54,1.08990000,53.43343,b,l
2025-03-31 18:39:55,1.08990000,42.00000,b,l
2025-03-31 18:49:07,1.08110000,5.00000,b,l
2025-03-31 18:49:07,1.08110000,5.00342,b,l
2025-03-31 19:38:23,1.08090000,8.94557,b,l
2025-03-31 19:38:23,1.08100000,888.99474,b,l
2025-03-31 19:38:23,1.08100000,526.53046,b,l
2025-03-31 19:38:23,1.08110000,1245.00940,b,l
2025-03-31 19:38:23,1.08110000,8.94557,b,l
2025-03-31 19:38:23,1.08110000,307.29674,b,l
2025-03-31 19:38:23,1.08110000,338.12353,b,l
2025-03-31 19:38:23,1.08100000,63.85034,s,l
2025-03-31 19:38:33,1.07950000,244.18238,s,l
2025-03-31 19:43:48,1.08110000,21.86726,b,l
2025-03-31 20:33:47,1.07950000,21.82074,s,l
2025-04-01 00:46:52,1.07950000,10.79615,s,l
2025-04-01 05:11:26,1.07950000,157.49300,s,l
2025-04-01 05:32:19,1.08110000,284.90084,b,l
2025-04-01 06:38:23,1.07950000,6.38344,s,l
2025-04-01 07:17:50,1.08110000,7.34230,b,l
2025-04-01 10:27:52,1.08110000,101.20580,b,l
2025-04-01 13:53:48,1.07950000,1026.64506,s,l
2025-04-01 14:16:11,1.08110000,292.29090,b,l
2025-04-01 14:16:11,1.08110000,287.44863,b,l
2025-04-01 14:16:11,1.08110000,287.45150,b,l
2025-04-01 14:19:24,1.07950000,289.57061,s,l
2025-04-01 15:18:50,1.08110000,9.25000,b,l
2025-04-01 18:35:23,1.08110000,2798.86411,b,l
2025-04-01 18:35:29,1.07950000,9.06770,s,l
2025-04-01 18:36:47,1.08000000,363.85233,b,l
2025-04-01 19:02:48,1.08000000,500.00000,b,l
2025-04-01 19:03:43,1.08000000,722.55944,s,l
2025-04-01 19:03:43,1.08000000,277.44056,s,l
2025-04-01 19:04:03,1.08010000,208.45930,s,l
2025-04-01 19:04:17,1.08000000,722.51861,s,l
2025-04-01 19:04:22,1.08000000,69.02209,s,l
2025-04-01 19:04:22,1.08000000,69.02209,s,l
2025-04-01 19:04:32,1.08000000,722.51861,s,l
2025-04-01 19:04:34,1.08000000,69.02209,s,l
2025-04-01 19:04:39,1.08000000,791.54070,s,l
2025-04-01 19:04:58,1.08000000,791.54070,s,l
2025-04-01 19:05:08,1.08010000,791.54070,s,l
2025-04-01 19:05:12,1.08010000,791.54070,s,l
2025-04-01 19:05:15,1.08010000,791.54070,s,l
2025-04-01 19:05:18,1.08010000,791.54070,s,l
2025-04-01 19:05:20,1.08010000,490.75523,s,l
2025-04-01 19:05:22,1.08010000,625.31715,s,l
2025-04-01 19:05:23,1.08010000,5.00000,s,l
2025-04-01 19:05:24,1.08010000,5.00000,s,l
2025-04-01 19:05:26,1.08010000,5.00000,s,l
2025-04-01 19:05:30,1.08010000,593.65552,s,l
2025-04-01 19:05:31,1.08010000,5.00000,s,l
2025-04-01 19:05:33,1.08010000,522.41686,s,l
2025-04-01 19:05:36,1.08010000,546.16308,s,l
2025-04-01 19:05:47,1.08010000,875.72870,s,l
2025-04-01 19:05:47,1.08010000,875.72870,s,l
2025-04-01 19:05:49,1.08010000,838.94741,s,l
2025-04-01 19:05:53,1.08010000,875.72870,s,l
2025-04-01 19:05:53,1.08010000,875.72870,s,l
2025-04-01 19:05:55,1.08010000,875.72870,s,l
2025-04-01 19:05:55,1.08010000,238.14536,s,l
2025-04-01 19:05:57,1.08010000,875.72870,s,l
2025-04-01 19:05:57,1.08010000,36.78129,s,l
2025-04-01 19:05:57,1.08010000,838.94741,s,l
2025-04-01 19:05:57,1.08010000,36.78129,s,l
2025-04-01 19:06:01,1.08010000,875.72870,s,l
2025-04-01 19:06:01,1.08010000,749.53547,s,l
2025-04-01 19:06:01,1.08010000,875.72870,s,l
2025-04-01 19:06:06,1.08010000,875.72870,s,l
2025-04-01 19:06:06,1.08010000,36.78129,s,l
2025-04-01 19:06:06,1.08010000,838.94741,s,l
2025-04-01 19:06:11,1.08010000,875.72870,s,l
2025-04-01 19:06:12,1.08010000,772.84813,s,l
2025-04-01 19:06:17,1.08010000,440.36881,s,l
2025-04-01 19:06:30,1.08010000,875.72870,s,l
2025-04-01 19:06:30,1.08010000,838.94741,s,l
2025-04-01 19:06:31,1.08010000,500.29749,s,l
2025-04-01 19:10:19,1.07990000,154.25718,b,l
2025-04-01 19:10:36,1.07990000,875.72870,b,l
2025-04-01 19:10:36,1.07990000,870.01412,b,l
2025-04-01 19:10:52,1.07990000,875.72870,b,l
2025-04-01 19:10:52,1.07990000,870.01412,b,l
2025-04-01 19:10:55,1.07990000,875.72870,b,l
2025-04-01 19:10:55,1.07990000,870.01412,b,l
2025-04-01 19:10:59,1.07990000,875.72870,b,l
2025-04-01 19:10:59,1.07990000,870.01412,b,l
2025-04-01 19:11:12,1.07990000,875.72870,b,l
2025-04-01 19:11:12,1.07990000,468.49327,b,l
2025-04-01 19:11:23,1.07990000,875.72870,b,l
2025-04-01 19:11:23,1.07990000,870.01412,b,l
2025-04-01 19:12:07,1.07990000,361.20650,b,l
2025-04-01 19:12:07,1.07990000,875.72870,b,l
2025-04-01 19:12:07,1.07990000,508.80762,b,l
2025-04-01 19:12:15,1.07990000,875.72870,b,l
2025-04-01 19:12:15,1.07990000,870.01412,b,l
2025-04-01 19:32:28,1.07950000,289.54166,s,l
2025-04-01 19:42:57,1.08170000,56.32522,b,l
2025-04-01 20:23:54,1.07950000,5.00000,s,m
2025-04-01 21:09:52,1.08170000,9.24470,b,l
2025-04-01 21:10:38,1.07950000,9.16220,s,l
2025-04-02 08:13:34,1.07950000,362.39597,s,l
2025-04-02 10:28:22,1.07950000,100.00000,s,l
2025-04-02 11:17:07,1.07950000,1.00050,s,l
2025-04-02 14:48:11,1.08170000,142.88938,b,l
2025-04-02 14:48:20,1.08180000,7.45641,b,l
2025-04-02 14:51:15,1.08180000,875.72870,b,l
2025-04-02 14:51:15,1.08180000,875.72870,b,l
2025-04-02 14:51:15,1.08180000,365.35749,b,l
2025-04-02 14:51:15,1.08180000,510.37121,b,l
2025-04-02 14:51:15,1.08180000,365.35749,b,l
2025-04-02 15:08:45,1.08250000,226.30031,b,l
2025-04-02 15:08:45,1.08250000,649.42839,b,l
2025-04-02 15:08:45,1.08250000,766.09682,b,l
2025-04-02 15:13:49,1.08300000,875.72870,b,l
2025-04-02 15:13:49,1.08300000,337.57861,b,l
2025-04-02 15:13:49,1.08500000,130.35622,b,l
2025-04-02 15:13:50,1.08500000,129.11502,b,l
2025-04-02 15:13:50,1.08500000,128.69926,b,l
2025-04-02 15:13:51,1.08500000,128.28571,b,l
2025-04-02 15:13:51,1.08500000,16.74516,b,l
2025-04-02 15:13:51,1.08500000,128.28571,b,l
2025-04-02 15:13:51,1.08500000,127.36276,b,l
2025-04-02 15:13:52,1.08500000,126.95695,b,l
2025-04-02 15:13:52,1.08500000,126.54764,b,l
2025-04-02 15:13:53,1.08500000,126.14654,b,l
2025-04-02 15:13:53,1.08500000,125.74737,b,l
2025-04-02 15:13:53,1.08500000,64.08064,b,l
2025-04-02 15:13:54,1.08500000,125.35069,b,l
2025-04-02 15:13:54,1.08500000,124.95658,b,l
2025-04-02 15:13:54,1.08500000,124.56433,b,l
2025-04-02 15:13:55,1.08500000,538.15009,b,l
2025-04-02 15:13:55,1.08500000,538.15009,b,l
2025-04-02 15:13:55,1.08500000,124.14211,b,l
2025-04-02 15:13:55,1.08500000,538.15009,b,l
2025-04-02 15:13:55,1.08500000,448.42264,b,l
2025-04-02 15:13:55,1.08500000,89.72745,b,l
2025-04-02 15:13:55,1.08500000,34.41466,b,l
2025-04-02 15:47:12,1.08530000,11.67760,s,l
2025-04-02 16:40:53,1.09420000,45.69910,b,l
2025-04-02 18:16:36,1.09420000,43.04560,b,l
2025-04-02 19:55:09,1.09420000,91.38180,b,l
2025-04-02 22:49:46,1.09200000,1.58830,b,l
2025-04-02 23:14:48,1.08360000,1.58830,s,l
2025-04-03 00:04:23,1.09200000,45.78754,b,l
2025-04-03 05:23:10,1.09200000,433.58628,b,l
2025-04-03 05:23:10,1.09200000,433.67755,b,l
2025-04-03 05:23:10,1.09200000,433.76881,b,l
2025-04-03 05:23:10,1.09200000,433.86007,b,l
2025-04-03 05:23:10,1.09200000,433.95143,b,l
2025-04-03 05:23:10,1.09200000,261.92765,b,l
2025-04-03 05:44:53,1.09420000,269.40670,b,l
2025-04-03 05:44:53,1.09430000,12.99553,b,l
2025-04-03 05:47:39,1.09890000,23.24900,b,l
2025-04-03 06:53:07,1.09900000,4.50900,b,l
2025-04-03 07:05:45,1.08370000,16.21133,s,l
2025-04-03 07:05:45,1.08360000,7.78867,s,l
2025-04-03 08:36:31,1.09900000,13.84636,b,l
2025-04-03 10:12:35,1.10920000,16.21133,b,l
2025-04-03 10:12:36,1.10980000,370.49272,b,l
2025-04-03 10:12:36,1.10980000,330.86405,b,l
2025-04-03 11:11:38,1.11970000,8.92980,b,l
2025-04-03 11:12:15,1.09160000,8.85010,s,m
2025-04-03 11:17:56,1.11970000,38.44608,b,l
2025-04-03 11:17:56,1.11980000,102.81392,b,l
2025-04-03 11:18:12,1.09230000,15.21225,s,m
2025-04-03 11:18:12,1.09220000,124.78775,s,m
2025-04-03 16:33:20,1.11300000,17.06520,b,l
2025-04-03 16:34:41,1.09160000,12.53505,s,l
2025-04-03 16:34:41,1.09150000,4.37795,s,l
2025-04-03 18:27:51,1.11470000,26.00640,b,l
2025-04-03 18:52:06,1.11150000,1.78330,b,l
2025-04-03 19:01:36,1.09180000,32.00000,s,m
2025-04-03 19:16:43,1.10830000,36.07370,b,l
2025-04-03 19:23:09,1.10730000,30.69060,b,l
2025-04-03 19:54:49,1.10550000,44.30130,b,l
2025-04-03 20:34:31,1.09180000,5.51978,s,l
2025-04-03 20:42:01,1.10550000,1.29123,b,l
2025-04-03 20:42:01,1.11540000,24.06235,b,l
2025-04-03 20:42:01,1.11550000,19.45712,b,l
2025-04-03 21:44:21,1.11900000,44.30129,b,l
2025-04-03 21:44:21,1.12720000,8.33791,b,l
2025-04-03 22:08:51,1.12710000,44.30128,b,l
2025-04-03 22:08:51,1.12720000,32.96165,b,l
2025-04-03 22:08:51,1.13970000,10.41517,b,l
2025-04-03 22:12:27,1.13920000,5.00000,b,m
2025-04-03 23:00:57,1.09320000,5.00000,s,m
2025-04-03 23:04:42,1.13920000,5.00000,b,m
2025-04-03 23:17:29,1.13920000,34.30127,b,l
2025-04-03 23:17:29,1.13970000,140.31708,b,l
2025-04-04 00:02:06,1.10300000,12.67211,s,l
2025-04-04 00:02:06,1.10290000,195.16199,s,l
2025-04-04 00:02:06,1.10280000,1693.44520,s,l
2025-04-04 01:23:28,1.10400000,6064.23653,b,l
2025-04-04 01:23:28,1.10400000,0.06064,b,l
2025-04-04 01:23:34,1.10400000,6569.58957,b,l
2025-04-04 01:23:34,1.10400000,0.06570,b,l
2025-04-04 01:45:21,1.13260000,8.82920,b,l
2025-04-04 01:48:56,1.10500000,4524.84162,b,l
2025-04-04 01:48:56,1.10500000,0.04525,b,l
2025-04-04 01:49:04,1.10500000,41.21108,b,l
2025-04-04 01:49:04,1.10500000,78.50449,b,l
2025-04-04 01:49:04,1.10500000,78.53387,b,l
2025-04-04 01:49:04,1.10500000,78.55820,b,l
2025-04-04 01:49:04,1.10500000,78.58244,b,l
2025-04-04 01:49:04,1.10500000,78.60668,b,l
2025-04-04 01:49:04,1.10500000,78.63101,b,l
2025-04-04 01:49:04,1.10500000,78.65534,b,l
2025-04-04 01:49:04,1.10500000,78.67958,b,l
2025-04-04 01:49:04,1.10500000,78.70391,b,l
2025-04-04 01:49:04,1.10500000,78.72833,b,l
2025-04-04 01:49:04,1.10500000,78.75275,b,l
2025-04-04 01:49:04,1.10500000,78.77717,b,l
2025-04-04 01:49:04,1.10500000,78.79943,b,l
2025-04-04 01:49:04,1.10500000,78.82169,b,l
2025-04-04 01:49:04,1.10500000,78.84403,b,l
2025-04-04 01:49:04,1.10500000,78.86638,b,l
2025-04-04 01:49:04,1.10500000,78.88873,b,l
2025-04-04 01:49:04,1.10500000,78.91108,b,l
2025-04-04 01:49:04,1.10500000,78.93342,b,l
2025-04-04 01:49:04,1.10500000,78.95586,b,l
2025-04-04 01:49:04,1.10500000,78.97830,b,l
2025-04-04 01:49:04,1.10500000,79.00074,b,l
2025-04-04 01:49:04,1.10500000,79.02525,b,l
2025-04-04 01:49:04,1.10500000,79.04976,b,l
2025-04-04 01:49:04,1.10500000,79.07427,b,l
2025-04-04 01:49:04,1.10500000,79.09878,b,l
2025-04-04 01:49:04,1.10500000,79.12329,b,l
2025-04-04 01:49:04,1.10500000,79.14780,b,l
2025-04-04 01:49:04,1.10500000,79.17240,b,l
2025-04-04 01:49:04,1.10500000,79.19700,b,l
2025-04-04 01:49:04,1.10500000,79.22151,b,l
2025-04-04 01:49:04,1.10500000,79.24602,b,l
2025-04-04 01:49:04,1.10500000,79.27053,b,l
2025-04-04 01:49:04,1.10500000,79.29513,b,l
2025-04-04 01:49:04,1.10500000,79.31973,b,l
2025-04-04 01:49:04,1.10500000,79.34433,b,l
2025-04-04 01:49:04,1.10500000,79.36893,b,l
2025-04-04 01:49:04,1.10500000,79.39344,b,l
2025-04-04 01:49:04,1.10500000,79.41795,b,l
2025-04-04 01:49:04,1.10500000,79.44264,b,l
2025-04-04 01:49:04,1.10500000,79.46733,b,l
2025-04-04 01:49:04,1.10500000,79.49202,b,l
2025-04-04 01:49:04,1.10500000,79.51671,b,l
2025-04-04 01:49:04,1.10500000,79.54140,b,l
2025-04-04 01:49:04,1.10500000,79.56609,b,l
2025-04-04 01:49:04,1.10500000,79.59078,b,l
2025-04-04 01:49:04,1.10500000,79.61548,b,l
2025-04-04 01:49:04,1.10500000,79.64008,b,l
2025-04-04 01:49:04,1.10500000,79.66468,b,l
2025-04-04 01:49:04,1.10500000,79.68919,b,l
2025-04-04 01:49:04,1.10500000,79.71370,b,l
2025-04-04 01:49:04,1.10500000,79.73830,b,l
2025-04-04 01:49:04,1.10500000,79.76299,b,l
2025-04-04 01:49:04,1.10500000,79.78768,b,l
2025-04-04 01:49:04,1.10500000,79.81237,b,l
2025-04-04 01:49:04,1.10500000,79.83706,b,l
2025-04-04 01:49:04,1.10500000,50.31774,b,l
2025-04-04 01:49:09,1.10500000,79.88952,b,l
2025-04-04 01:49:09,1.10500000,79.90565,b,l
2025-04-04 01:49:09,1.10500000,211.47923,b,l
2025-04-04 01:49:09,1.10500000,79.92611,b,l
2025-04-04 01:49:09,1.10500000,79.94729,b,l
2025-04-04 01:49:09,1.10500000,79.96847,b,l
2025-04-04 01:49:09,1.10500000,33.18928,b,l
2025-04-04 01:49:14,1.10500000,80.00962,b,l
2025-04-04 01:49:14,1.10500000,80.01395,b,l
2025-04-04 01:49:14,1.10500000,80.01494,b,l
2025-04-04 01:49:14,1.10500000,80.01602,b,l
2025-04-04 01:49:14,1.10500000,80.01710,b,l
2025-04-04 01:49:14,1.10500000,80.01818,b,l
2025-04-04 01:49:14,1.10500000,80.01927,b,l
2025-04-04 01:49:14,1.10500000,80.02035,b,l
2025-04-04 01:49:14,1.10500000,80.02134,b,l
2025-04-04 01:49:14,1.10500000,80.02233,b,l
2025-04-04 01:49:14,1.10500000,80.02332,b,l
2025-04-04 01:49:14,1.10500000,80.02431,b,l
2025-04-04 01:49:14,1.10500000,80.02531,b,l
2025-04-04 01:49:14,1.10500000,80.02630,b,l
2025-04-04 01:49:14,1.10500000,80.02729,b,l
2025-04-04 01:49:14,1.10500000,80.02837,b,l
2025-04-04 01:49:14,1.10500000,80.02936,b,l
2025-04-04 01:49:14,1.10500000,80.03035,b,l
2025-04-04 01:49:14,1.10500000,80.03134,b,l
2025-04-04 01:49:14,1.10500000,80.03234,b,l
2025-04-04 01:49:14,1.10500000,80.03333,b,l
2025-04-04 01:49:14,1.10500000,80.03432,b,l
2025-04-04 01:49:14,1.10500000,80.03531,b,l
2025-04-04 01:49:14,1.10500000,80.03630,b,l
2025-04-04 01:49:15,1.10500000,80.03729,b,l
2025-04-04 01:49:15,1.10500000,80.03828,b,l
2025-04-04 01:49:15,1.10500000,80.03919,b,l
2025-04-04 01:49:15,1.10500000,80.04018,b,l
2025-04-04 01:49:15,1.10500000,80.04117,b,l
2025-04-04 01:49:15,1.10500000,80.04216,b,l
2025-04-04 01:49:15,1.10500000,80.04315,b,l
2025-04-04 01:49:15,1.10500000,80.04414,b,l
2025-04-04 01:49:15,1.10500000,80.04513,b,l
2025-04-04 01:49:15,1.10500000,80.04613,b,l
2025-04-04 01:49:15,1.10500000,80.04712,b,l
2025-04-04 01:49:15,1.10500000,80.04811,b,l
2025-04-04 01:49:15,1.10500000,80.04910,b,l
2025-04-04 01:49:15,1.10500000,80.05009,b,l
2025-04-04 01:49:15,1.10500000,80.05108,b,l
2025-04-04 01:49:15,1.10500000,80.05208,b,l
2025-04-04 01:49:15,1.10500000,80.05307,b,l
2025-04-04 01:49:15,1.10500000,80.05406,b,l
2025-04-04 01:49:15,1.10500000,80.05505,b,l
2025-04-04 01:49:15,1.10500000,80.05604,b,l
2025-04-04 01:49:15,1.10500000,80.05703,b,l
2025-04-04 01:49:15,1.10500000,80.05802,b,l
2025-04-04 01:49:15,1.10500000,80.05902,b,l
2025-04-04 01:49:15,1.10500000,80.06001,b,l
2025-04-04 01:49:15,1.10500000,80.06100,b,l
2025-04-04 01:49:15,1.10500000,80.06199,b,l
2025-04-04 01:49:15,1.10500000,45.38913,b,l
2025-04-04 02:13:23,1.10580000,45.32331,b,l
2025-04-04 02:13:23,1.10580000,45.33187,b,l
2025-04-04 02:13:23,1.10580000,45.34015,b,l
2025-04-04 02:13:23,1.10580000,45.34844,b,l
2025-04-04 02:13:23,1.10580000,29.77145,b,l
2025-04-04 02:13:39,1.10500000,1809.93665,b,l
2025-04-04 02:13:39,1.10500000,0.01810,b,l
2025-04-04 02:13:46,1.10500000,4524.84162,b,l
2025-04-04 02:13:46,1.10500000,0.04525,b,l
2025-04-04 02:13:51,1.10500000,4524.84162,b,l
2025-04-04 02:13:51,1.10500000,0.04525,b,l
2025-04-04 02:14:00,1.10550000,4522.79511,b,l
2025-04-04 02:14:00,1.10550000,0.04523,b,l
2025-04-04 02:14:05,1.10550000,2915.39063,b,l
2025-04-04 02:14:05,1.10550000,0.02915,b,l
2025-04-04 02:33:32,1.10500000,1809.93665,b,l
2025-04-04 02:33:32,1.10500000,0.01810,b,l
2025-04-04 02:33:36,1.10500000,62.26113,b,l
2025-04-04 02:33:36,1.10500000,62.27591,b,l
2025-04-04 02:33:36,1.10500000,203.60502,b,l
2025-04-04 02:33:36,1.10500000,62.29069,b,l
2025-04-04 02:33:36,1.10500000,62.30547,b,l
2025-04-04 02:33:36,1.10500000,62.32034,b,l
2025-04-04 02:33:36,1.10500000,62.33512,b,l
2025-04-04 02:33:36,1.10500000,62.34990,b,l
2025-04-04 02:33:36,1.10500000,62.36477,b,l
2025-04-04 02:33:36,1.10500000,62.37955,b,l
2025-04-04 02:33:36,1.10500000,62.39442,b,l
2025-04-04 02:33:36,1.10500000,62.40930,b,l
2025-04-04 02:33:36,1.10500000,62.42408,b,l
2025-04-04 02:33:36,1.10500000,62.43895,b,l
2025-04-04 02:33:36,1.10500000,62.45382,b,l
2025-04-04 02:33:36,1.10500000,62.46869,b,l
2025-04-04 02:33:36,1.10500000,62.48356,b,l
2025-04-04 02:33:36,1.10500000,62.49843,b,l
2025-04-04 02:33:36,1.10500000,62.51330,b,l
2025-04-04 02:33:36,1.10500000,62.52817,b,l
2025-04-04 02:33:36,1.10500000,62.54313,b,l
2025-04-04 02:33:36,1.10500000,42.07526,b,l
2025-04-04 02:33:54,1.10450000,1810.75599,b,l
2025-04-04 02:33:54,1.10450000,0.01811,b,l
2025-04-04 02:34:00,1.10450000,1810.75599,b,l
2025-04-04 02:34:00,1.10450000,0.01811,b,l
2025-04-04 02:34:04,1.10450000,62.55603,b,l
2025-04-04 02:34:04,1.10450000,62.56982,b,l
2025-04-04 02:34:04,1.10450000,62.58353,b,l
2025-04-04 02:34:04,1.10450000,62.59732,b,l
2025-04-04 02:34:04,1.10450000,62.61112,b,l
2025-04-04 02:34:04,1.10450000,62.62482,b,l
2025-04-04 02:34:04,1.10450000,62.63862,b,l
2025-04-04 02:34:04,1.10450000,62.65233,b,l
2025-04-04 02:34:04,1.10450000,62.66612,b,l
2025-04-04 02:34:04,1.10450000,62.67992,b,l
2025-04-04 02:34:04,1.10450000,62.69425,b,l
2025-04-04 02:34:04,1.10450000,62.70859,b,l
2025-04-04 02:34:04,1.10450000,62.72302,b,l
2025-04-04 02:34:04,1.10450000,62.73736,b,l
2025-04-04 02:34:04,1.10450000,62.75178,b,l
2025-04-04 02:34:04,1.10450000,62.76621,b,l
2025-04-04 02:34:04,1.10450000,62.78055,b,l
2025-04-04 02:34:04,1.10450000,62.79497,b,l
2025-04-04 02:34:04,1.10450000,62.80940,b,l
2025-04-04 02:34:04,1.10450000,62.82383,b,l
2025-04-04 02:34:04,1.10450000,62.83825,b,l
2025-04-04 02:34:04,1.10450000,62.85268,b,l
2025-04-04 02:34:04,1.10450000,62.86702,b,l
2025-04-04 02:34:04,1.10450000,62.88135,b,l
2025-04-04 02:34:05,1.10450000,62.89569,b,l
2025-04-04 02:34:05,1.10450000,62.91003,b,l
2025-04-04 02:34:05,1.10450000,62.92445,b,l
2025-04-04 02:34:05,1.10450000,62.93870,b,l
2025-04-04 02:34:05,1.10450000,53.89634,b,l
2025-04-04 02:34:09,1.10450000,62.96521,b,l
2025-04-04 02:34:09,1.10450000,62.97946,b,l
2025-04-04 02:34:09,1.10450000,62.99379,b,l
2025-04-04 02:34:09,1.10450000,63.00813,b,l
2025-04-04 02:34:09,1.10450000,63.02247,b,l
2025-04-04 02:34:09,1.10450000,63.03680,b,l
2025-04-04 02:34:09,1.10450000,63.05114,b,l
2025-04-04 02:34:09,1.10450000,63.06548,b,l
2025-04-04 02:34:09,1.10450000,63.07981,b,l
2025-04-04 02:34:09,1.10450000,63.09415,b,l
2025-04-04 02:34:09,1.10450000,63.10849,b,l
2025-04-04 02:34:09,1.10450000,63.12282,b,l
2025-04-04 02:34:09,1.10450000,63.13716,b,l
2025-04-04 02:34:09,1.10450000,63.15150,b,l
2025-04-04 02:34:09,1.10450000,63.16593,b,l
2025-04-04 02:34:09,1.10450000,63.18026,b,l
2025-04-04 02:34:09,1.10450000,63.19469,b,l
2025-04-04 02:34:09,1.10450000,63.20912,b,l
2025-04-04 02:34:09,1.10450000,63.22345,b,l
2025-04-04 02:34:09,1.10450000,63.23788,b,l
2025-04-04 02:34:09,1.10450000,63.25231,b,l
2025-04-04 02:34:09,1.10450000,63.26673,b,l
2025-04-04 02:34:09,1.10450000,63.28116,b,l
2025-04-04 02:34:09,1.10450000,63.29559,b,l
2025-04-04 02:34:09,1.10450000,63.31001,b,l
2025-04-04 02:34:09,1.10450000,63.32444,b,l
2025-04-04 02:34:09,1.10450000,63.33896,b,l
2025-04-04 02:34:09,1.10450000,63.35339,b,l
2025-04-04 02:34:09,1.10450000,42.32377,b,l
2025-04-04 02:34:15,1.10450000,1810.75599,b,l
2025-04-04 02:34:15,1.10450000,0.01811,b,l
2025-04-04 02:34:19,1.10450000,1810.75599,b,l
2025-04-04 02:34:19,1.10450000,0.01811,b,l
2025-04-04 02:34:24,1.10450000,1810.75599,b,l
2025-04-04 02:34:24,1.10450000,0.01811,b,l
2025-04-04 02:34:29,1.10450000,1810.75599,b,l
2025-04-04 02:34:29,1.10450000,0.01811,b,l
2025-04-04 02:34:35,1.10450000,486.06770,b,l
2025-04-04 02:34:35,1.10450000,0.00486,b,l
2025-04-04 02:53:36,1.10450000,1810.75599,b,l
2025-04-04 02:53:36,1.10450000,0.01811,b,l
2025-04-04 02:53:41,1.10450000,1810.75599,b,l
2025-04-04 02:53:41,1.10450000,0.01811,b,l
2025-04-04 02:53:49,1.10450000,4526.88999,b,l
2025-04-04 02:53:49,1.10450000,0.04527,b,l
2025-04-04 02:53:55,1.10450000,4526.88999,b,l
2025-04-04 02:53:55,1.10450000,0.04527,b,l
2025-04-04 02:54:02,1.10450000,4526.88999,b,l
2025-04-04 02:54:02,1.10450000,0.04527,b,l
2025-04-04 02:54:08,1.10450000,4526.88999,b,l
2025-04-04 02:54:08,1.10450000,0.04527,b,l
2025-04-04 02:54:14,1.10450000,4526.88999,b,l
2025-04-04 02:54:14,1.10450000,0.04527,b,l
2025-04-04 02:54:21,1.10450000,631.17261,b,l
2025-04-04 02:54:21,1.10450000,0.00631,b,l
2025-04-04 04:59:55,1.12180000,5.00000,b,m
2025-04-04 05:41:44,1.12140000,1.01660,b,l
2025-04-04 07:08:27,1.10700000,40.52044,s,l
2025-04-04 08:49:17,1.10130000,40.70051,s,l
2025-04-04 13:05:42,1.09420000,8.68210,s,l
2025-04-04 14:27:38,1.12860000,38.45625,b,l
2025-04-04 14:27:38,1.12950000,89.90305,b,l
2025-04-04 14:27:38,1.13000000,33.22640,b,l
2025-04-04 14:35:47,1.09920000,40.83590,s,l
2025-04-04 16:14:42,1.12250000,38.45624,b,l
2025-04-04 16:14:42,1.12310000,40.83590,b,l
2025-04-04 16:14:42,1.12380000,18.53871,b,l
2025-04-04 16:14:42,1.13000000,123.04065,b,l
2025-04-04 16:25:58,1.09870000,40.85661,s,l
2025-04-04 16:25:58,1.09870000,36.39522,s,l
2025-04-04 16:27:45,1.09880000,12.85314,s,l
2025-04-04 16:28:00,1.09870000,14.65663,s,l
2025-04-04 17:33:27,1.09020000,5.82194,s,l
2025-04-04 17:34:20,1.10410000,18.10490,b,l
2025-04-04 19:05:55,1.10230000,38.45622,b,l
2025-04-04 19:05:55,1.10870000,36.39522,b,l
2025-04-04 19:05:55,1.10880000,14.65663,b,l
2025-04-04 19:05:55,1.10890000,12.85314,b,l
2025-04-04 19:05:55,1.12150000,5.82194,b,l
2025-04-04 19:05:55,1.12160000,40.85661,b,l
2025-04-04 19:05:55,1.13000000,29.47484,b,l
2025-04-04 20:02:25,1.09600000,54.49451,s,l
2025-04-04 20:02:25,1.09600000,54.50224,s,l
2025-04-04 20:02:25,1.09600000,54.50996,s,l
2025-04-04 20:02:25,1.09600000,49.66241,s,l
2025-04-04 20:11:12,1.09640000,15.88950,s,l
2025-04-04 20:11:12,1.09640000,29.57217,s,l
2025-04-04 20:11:12,1.09640000,5.44092,s,l
2025-04-04 21:16:17,1.09710000,40.91978,s,l
2025-04-04 21:23:21,1.11720000,38.45621,b,l
2025-04-04 21:23:21,1.12890000,35.01309,b,l
2025-04-04 21:23:21,1.12900000,40.91978,b,l
2025-04-04 21:23:21,1.12920000,15.88950,b,l
2025-04-04 21:23:21,1.12950000,2.03472,b,l
2025-04-04 21:31:11,1.09710000,35.22252,s,l
2025-04-04 21:36:17,1.09710000,40.88118,s,l
2025-04-04 22:00:50,1.09720000,12.92670,s,l
2025-04-04 22:42:02,1.10810000,9.02150,b,l
2025-04-05 03:34:08,1.10420000,38.45619,b,l
2025-04-05 03:34:08,1.11660000,35.22252,b,l
2025-04-05 03:34:08,1.11670000,44.97169,b,l
2025-04-05 06:10:57,1.10000000,79.25644,s,l
2025-04-05 06:10:57,1.10000000,0.08092,s,l
2025-04-05 06:11:06,1.09400000,79.33657,b,l
2025-04-05 06:11:06,1.09400000,0.00079,b,l
2025-04-05 06:11:12,1.09400000,134.99513,b,l
2025-04-05 06:11:12,1.09400000,0.00135,b,l
2025-04-05 06:11:17,1.09400000,139.09918,b,l
2025-04-05 06:11:17,1.09400000,0.00139,b,l
2025-04-05 06:11:23,1.09300000,64.94322,b,l
2025-04-05 06:11:23,1.09300000,0.00065,b,l
2025-04-05 06:11:31,1.09200000,41.26122,b,l
2025-04-05 06:11:31,1.09200000,0.00041,b,l
2025-04-05 06:11:33,1.09200000,85.46967,b,l
2025-04-05 06:11:33,1.09200000,0.00085,b,l
2025-04-05 06:11:36,1.09200000,111.17646,b,l
2025-04-05 06:11:36,1.09200000,0.00111,b,l
2025-04-05 06:11:40,1.09200000,133.51218,b,l
2025-04-05 06:11:40,1.09200000,0.00134,b,l
2025-04-05 06:11:41,1.09200000,46.88477,b,l
2025-04-05 06:11:41,1.09200000,0.00047,b,l
2025-04-05 06:11:47,1.09100000,70.95269,b,l
2025-04-05 06:11:47,1.09100000,0.00071,b,l
2025-04-05 06:11:49,1.09100000,100.82751,b,l
2025-04-05 06:11:49,1.09100000,0.00101,b,l
2025-04-05 06:11:58,1.09050000,185.77855,b,l
2025-04-05 06:11:58,1.09050000,0.00186,b,l
2025-04-05 06:12:12,1.09050000,36.93617,b,l
2025-04-05 06:12:17,1.09050000,107.11382,b,l
2025-04-05 06:12:17,1.09050000,0.00107,b,l
2025-04-05 06:13:26,1.09050000,174.63589,b,l
2025-04-05 06:13:26,1.09050000,0.00175,b,l
2025-04-05 07:29:54,1.09110000,5.00000,s,m
2025-04-05 09:43:29,1.10810000,38.45689,b,l
2025-04-05 09:43:29,1.10810000,40.88118,b,l
2025-04-05 09:43:29,1.12980000,12.92670,b,l
2025-04-05 09:43:29,1.12990000,116.59703,b,l
2025-04-05 09:50:43,1.09380000,168.45959,s,l
2025-04-05 09:50:43,1.09370000,38.53921,s,l
2025-04-05 10:39:48,1.09500000,6.43277,s,l
2025-04-05 11:12:51,1.09720000,13.40798,s,l
2025-04-05 14:41:58,1.09190000,15.50752,s,l
2025-04-05 14:41:58,1.09180000,100.80498,s,l
2025-04-05 18:09:25,1.10060000,38.45688,b,l
2025-04-05 18:09:25,1.12650000,20.50752,b,l
2025-04-05 18:09:25,1.12980000,118.15100,b,l
2025-04-05 20:58:02,1.09390000,104.30301,s,l
2025-04-06 02:25:29,1.12030000,1.01020,b,l
2025-04-06 04:08:53,1.09070000,5.00000,s,m
2025-04-06 17:39:34,1.10000000,99.89800,s,l
2025-04-06 17:39:34,1.10000000,0.10200,s,l
2025-04-06 17:39:38,1.09980000,100.00000,s,l
2025-04-06 17:39:38,1.09960000,100.00000,s,l
2025-04-06 17:39:38,1.09940000,100.00000,s,l
2025-04-06 17:39:38,1.09920000,100.00000,s,l
2025-04-06 17:39:38,1.09900000,100.00000,s,l
2025-04-06 17:39:38,1.09880000,99.99998,s,l
2025-04-06 17:39:51,1.09870000,17.64764,s,l
2025-04-06 17:39:51,1.09860000,100.00000,s,l
2025-04-06 17:39:51,1.09840000,100.00000,s,l
2025-04-06 17:39:51,1.09820000,99.99999,s,l
2025-04-06 17:40:11,1.09800000,48.09241,s,l
2025-04-06 17:40:11,1.09800000,48.10721,s,l
2025-04-06 17:41:06,1.09820000,99.89800,s,l
2025-04-06 17:41:06,1.09820000,0.10200,s,l
2025-04-06 17:41:06,1.09820000,0.10200,s,l
2025-04-06 17:41:06,1.09800000,3.80038,s,l
2025-04-06 17:41:06,1.09760000,99.99999,s,l
2025-04-06 17:41:42,1.09740000,100.00000,s,l
2025-04-06 17:42:02,1.09720000,37.44668,s,l
2025-04-06 17:42:38,1.09740000,100.00000,s,l
2025-04-06 17:42:38,1.09760000,100.00000,s,l
2025-04-06 17:42:39,1.09780000,100.00000,s,l
2025-04-06 17:42:39,1.09800000,100.00000,s,l
2025-04-06 17:42:42,1.09720000,62.55332,s,l
2025-04-06 17:49:28,1.10000000,30.00000,s,l
2025-04-06 17:49:29,1.09980000,30.00000,s,l
2025-04-06 17:49:30,1.09960000,30.00000,s,l
2025-04-06 17:49:30,1.09940000,30.00000,s,l
2025-04-06 17:49:31,1.09920000,30.00000,s,l
2025-04-06 17:49:33,1.09900000,30.00000,s,l
2025-04-06 17:51:45,1.09950000,269.71587,b,l
2025-04-06 17:51:45,1.09960000,30.00000,b,l
2025-04-06 17:51:45,1.09960000,144.20091,s,l
2025-04-06 17:51:45,1.09960000,809.14762,s,l
2025-04-06 17:51:45,1.09960000,10.91464,s,l
2025-04-06 17:51:45,1.09960000,44.24888,s,l
2025-04-06 17:51:45,1.09960000,539.43175,s,l
2025-04-06 17:51:45,1.09960000,154.86019,s,l
2025-04-06 17:52:09,1.10800000,21.00000,b,l
2025-04-06 18:02:35,1.09880000,5.00000,s,l
2025-04-06 18:02:56,1.11000000,29.96940,s,l
2025-04-06 18:02:56,1.11000000,0.03060,s,l
2025-04-06 18:02:57,1.10980000,30.00000,s,l
2025-04-06 18:02:58,1.10960000,30.00000,s,l
2025-04-06 18:02:58,1.10940000,30.00000,s,l
2025-04-06 18:02:59,1.10920000,30.00000,s,l
2025-04-06 18:02:59,1.10900000,29.96940,s,l
2025-04-06 18:02:59,1.10900000,0.03060,s,l
2025-04-06 18:03:00,1.10880000,30.00000,s,l
2025-04-06 18:03:00,1.10860000,30.00000,s,l
2025-04-06 18:03:01,1.10840000,30.00000,s,l
2025-04-06 18:03:01,1.10820000,30.00000,s,l
2025-04-06 18:03:45,1.09880000,4.10083,s,l
2025-04-06 18:04:47,1.09630000,5286.72552,b,l
2025-04-06 18:04:47,1.09630000,0.05287,b,l
2025-04-06 18:04:53,1.09640000,250.51942,s,l
2025-04-06 18:04:53,1.09630000,607.26523,s,l
2025-04-06 18:04:53,1.09630000,3448.82681,b,l
2025-04-06 18:04:53,1.09630000,0.03449,b,l
2025-04-06 18:09:56,1.09690000,4.55830,b,m
2025-04-06 18:10:01,1.09640000,5.00000,s,m
2025-04-06 18:14:21,1.09640000,5.00000,s,l
2025-04-06 18:15:42,1.09700000,89.84466,b,l
2025-04-06 18:15:57,1.09700000,91.85475,b,l
2025-04-06 18:19:46,1.09640000,240.51942,s,l
2025-04-06 18:19:46,1.09630000,366.79868,s,l
2025-04-06 18:19:56,1.09640000,250.51946,s,l
2025-04-06 18:19:56,1.09630000,240.51942,s,l
2025-04-06 18:29:14,1.09870000,9.02050,b,l
2025-04-06 18:38:15,1.09010000,7.38753,s,l
2025-04-06 18:39:04,1.09700000,11.00000,b,l
2025-04-06 18:45:43,1.09700000,170.32709,b,l
2025-04-06 18:48:58,1.09630000,810.01818,b,l
2025-04-06 18:48:58,1.09630000,13942.73832,b,l
2025-04-06 18:52:48,1.09790000,217.26662,b,l
2025-04-06 18:52:48,1.09800000,644.15398,b,l
2025-04-06 19:11:46,1.09800000,7847.67659,b,l
2025-04-06 19:11:46,1.10000000,100.00000,b,l
2025-04-06 19:11:46,1.10000000,1106.34691,b,l
2025-04-06 19:18:15,1.09130000,251.69026,s,l
2025-04-06 19:18:15,1.09120000,987.81594,s,l
2025-04-06 19:21:02,1.09130000,251.69022,s,l
2025-04-06 19:21:02,1.09110000,2517.41188,s,l
2025-04-06 19:30:26,1.09140000,9.10083,s,l
2025-04-06 19:32:20,1.09140000,8.77487,s,l
2025-04-06 20:28:00,1.09990000,84.77180,b,l
2025-04-06 20:33:13,1.09990000,99.88170,b,l
2025-04-06 20:35:40,1.09990000,269.71587,b,l
2025-04-06 20:35:40,1.10000000,69.57743,b,l
2025-04-06 20:36:32,1.09990000,55.94180,b,l
2025-04-06 20:39:34,1.09140000,78.78190,s,l
2025-04-06 21:05:19,1.09100000,8.02208,s,l
2025-04-06 21:05:19,1.09100000,83.95584,s,l
2025-04-06 21:05:20,1.09100000,8.02208,s,l
2025-04-06 21:06:32,1.09000000,252.10580,s,l
2025-04-06 21:06:54,1.09000000,252.10110,s,l
2025-04-06 21:07:05,1.09000000,39.05211,s,l
2025-04-06 21:07:15,1.09000000,213.04899,s,l
2025-04-06 21:07:30,1.09000000,39.05211,s,l
2025-04-06 21:10:02,1.09000000,896.29915,s,l
2025-04-06 21:10:02,1.09000000,896.29915,s,l
2025-04-06 21:10:02,1.09000000,896.29915,s,l
2025-04-06 21:10:02,1.09000000,896.29915,s,l
2025-04-06 21:10:02,1.09000000,896.29915,s,l
2025-04-06 21:10:02,1.09000000,814.26700,s,l
2025-04-06 21:10:02,1.09000000,82.03215,s,l
2025-04-06 21:10:04,1.09000000,714.26700,s,l
2025-04-06 21:10:04,1.09000000,100.00000,s,l
2025-04-06 21:35:54,1.08910000,5.65820,s,l
2025-04-06 23:07:57,1.09900000,100.00000,b,l
2025-04-07 05:54:14,1.10000000,73.03163,b,l
2025-04-07 05:54:14,1.10000000,766.19461,b,l
2025-04-07 05:54:14,1.10000000,839.22624,b,l
2025-04-07 05:54:14,1.10000000,839.22624,b,l
2025-04-07 05:54:14,1.10000000,839.22624,b,l
2025-04-07 05:54:15,1.10000000,839.22624,b,l
2025-04-07 05:54:15,1.10000000,839.22624,b,l
2025-04-07 05:54:15,1.10000000,794.47844,b,l
2025-04-07 05:54:15,1.10000000,44.74780,b,l
2025-04-07 05:54:15,1.10000000,55.25220,b,l
2025-04-07 05:59:24,1.10090000,19.84075,b,l
2025-04-07 05:59:24,1.10100000,73.03351,b,l
2025-04-07 06:00:55,1.10100000,26.96649,b,l
2025-04-07 06:34:01,1.10000000,2027.51483,b,l
2025-04-07 06:34:01,1.10190000,279.74208,b,l
2025-04-07 06:34:01,1.10200000,100.00000,b,l
2025-04-07 06:34:01,1.10300000,100.00000,b,l
2025-04-07 06:34:01,1.10400000,100.00000,b,l
2025-04-07 06:34:01,1.10500000,100.00000,b,l
2025-04-07 06:34:01,1.10600000,100.00000,b,l
2025-04-07 06:34:01,1.10700000,100.00000,b,l
2025-04-07 06:34:01,1.10800000,100.00000,b,l
2025-04-07 06:34:01,1.10900000,100.00000,b,l
2025-04-07 06:34:01,1.11000000,795.36310,b,l
2025-04-07 06:34:01,1.11000000,100.00000,b,l
2025-04-07 06:34:01,1.12990000,1000.00000,b,l
2025-04-07 06:34:01,1.13000000,1814.25811,b,l
2025-04-07 06:34:01,1.13000000,738.49228,b,l
2025-04-07 06:34:28,1.12710000,279.74208,b,l
2025-04-07 06:34:28,1.12720000,93.37881,b,l
2025-04-07 06:34:28,1.13000000,595.69371,b,l
2025-04-07 06:34:51,1.12990000,279.74208,b,l
2025-04-07 06:34:51,1.13000000,4757.87591,b,l
2025-04-07 06:34:51,1.13000000,253.51716,b,l
2025-04-07 06:34:51,1.13500000,2000.00000,b,l
2025-04-07 06:34:51,1.13990000,95.87825,b,l
2025-04-07 07:05:24,1.10990000,281.97769,b,l
2025-04-07 07:05:24,1.11000000,100.00000,b,l
2025-04-07 07:05:24,1.12500000,1572.35580,b,l
2025-04-07 07:05:24,1.13990000,904.12175,b,l
2025-04-07 07:05:24,1.13990000,249.11351,b,l
2025-04-07 07:05:24,1.14000000,2000.00000,b,l
2025-04-07 07:05:24,1.14100000,174.61835,b,l
2025-04-07 07:05:24,1.14500000,2000.00000,b,l
2025-04-07 07:05:24,1.14990000,6.89330,b,l
2025-04-07 07:19:46,1.10510000,136.09813,s,l
2025-04-07 07:19:46,1.10510000,118.29513,s,l
2025-04-07 07:34:26,1.11000000,982.92120,b,l
2025-04-07 07:34:35,1.10110000,194.38660,s,l
2025-04-07 08:09:28,1.10110000,26.78983,s,l
2025-04-07 08:09:28,1.10100000,898.91464,s,l
2025-04-07 08:18:53,1.10100000,9.35056,s,l
2025-04-07 08:19:43,1.10000000,100.00000,s,l
2025-04-07 08:25:00,1.09900000,100.00000,s,l
2025-04-07 08:29:48,1.09800000,100.00000,s,l
2025-04-07 08:31:36,1.09700000,83.74090,s,l
2025-04-07 08:37:38,1.09700000,16.25910,s,l
2025-04-07 08:37:38,1.09600000,6.98990,s,l
2025-04-07 09:07:20,1.09600000,93.01010,s,l
2025-04-07 09:07:20,1.09510000,346.59390,s,l
2025-04-07 09:31:36,1.09500000,96.03960,s,l
2025-04-07 10:24:22,1.09500000,3.96040,s,l
2025-04-07 10:24:22,1.09400000,100.00000,s,l
2025-04-07 10:24:22,1.09310000,115.84160,s,l
2025-04-07 10:38:34,1.09310000,5.35640,s,l
2025-04-07 10:51:52,1.09310000,32.87130,s,l
2025-04-07 10:53:42,1.09310000,115.40590,s,l
2025-04-07 10:55:02,1.09310000,96.03960,s,l
2025-04-07 10:56:29,1.09310000,12.88120,s,l
2025-04-07 11:22:44,1.09300000,100.00000,s,l
2025-04-07 11:22:44,1.09200000,100.00000,s,l
2025-04-07 11:22:44,1.09110000,402.89170,s,l
2025-04-07 11:24:06,1.09110000,100.79210,s,l
2025-04-07 12:32:29,1.09110000,5.77790,s,l
2025-04-07 15:01:13,1.09100000,100.00000,s,m
2025-04-07 15:01:13,1.09020000,616.00000,s,m
2025-04-07 15:52:03,1.09010000,148.51490,s,l
2025-04-07 16:40:44,1.10000000,49.94900,s,l
2025-04-07 16:40:44,1.10000000,0.05100,s,l
2025-04-07 16:40:45,1.09980000,50.00000,s,l
2025-04-07 16:40:45,1.09960000,50.00000,s,l
2025-04-07 16:40:46,1.09940000,49.94900,s,l
2025-04-07 16:40:46,1.09940000,0.05100,s,l
2025-04-07 16:40:47,1.09920000,50.00000,s,l
2025-04-07 16:40:47,1.09010000,49.99998,s,l
2025-04-07 16:40:47,1.09900000,49.94900,s,l
2025-04-07 16:40:47,1.09900000,0.05100,s,l
2025-04-07 16:40:48,1.09880000,50.00000,s,l
2025-04-07 16:40:48,1.09860000,49.94900,s,l
2025-04-07 16:40:48,1.09860000,0.05100,s,l
2025-04-07 16:40:49,1.09840000,50.00000,s,l
2025-04-07 16:40:49,1.09820000,49.94900,s,l
2025-04-07 16:40:49,1.09820000,0.05100,s,l
2025-04-07 16:40:49,1.09010000,49.99999,s,l
2025-04-07 16:46:12,1.09100000,41.16291,s,l
2025-04-07 16:46:12,1.09030000,9.75002,s,l
2025-04-07 16:46:12,1.09010000,176.43213,s,l
2025-04-07 16:46:37,1.09020000,41.19427,s,l
2025-04-07 16:46:37,1.09010000,131.46055,s,l
2025-04-07 19:20:49,1.11760000,22.30570,b,l
2025-04-07 19:52:38,1.10000000,49.94900,s,l
2025-04-07 19:52:38,1.10000000,0.05100,s,l
2025-04-07 19:52:38,1.09980000,50.00000,s,l
2025-04-07 19:52:39,1.09960000,50.00000,s,l
2025-04-07 19:52:39,1.09940000,50.00000,s,l
2025-04-07 19:52:40,1.09920000,50.00000,s,l
2025-04-07 19:52:40,1.09900000,50.00000,s,l
2025-04-07 19:52:41,1.09880000,50.00000,s,l
2025-04-07 19:52:41,1.09860000,50.00000,s,l
2025-04-07 19:52:42,1.09840000,50.00000,s,l
2025-04-07 19:52:43,1.09820000,50.00000,s,l
2025-04-08 05:21:43,1.08920000,15.05215,s,l
2025-04-08 05:21:43,1.08910000,83.95775,s,l
2025-04-08 10:15:25,1.10000000,49.94900,s,l
2025-04-08 10:15:25,1.10000000,0.05100,s,l
2025-04-08 10:15:26,1.09980000,50.00000,s,l
2025-04-08 10:15:26,1.09960000,50.00000,s,l
2025-04-08 10:15:27,1.09940000,50.00000,s,l
2025-04-08 10:15:28,1.09920000,50.00000,s,l
2025-04-08 10:15:28,1.09900000,49.94900,s,l
2025-04-08 10:15:28,1.09900000,0.05100,s,l
2025-04-08 10:15:29,1.09880000,50.00000,s,l
2025-04-08 10:15:29,1.09860000,50.00000,s,l
2025-04-08 10:15:30,1.09840000,50.00000,s,l
2025-04-08 10:15:30,1.09820000,50.00000,s,l
2025-04-08 10:41:32,1.08910000,45.80730,s,l
2025-04-08 12:10:29,1.09970000,9.75002,b,l
2025-04-08 12:10:29,1.09980000,20.05215,b,l
2025-04-08 12:10:29,1.09990000,221.17643,b,l
2025-04-08 12:10:29,1.10000000,50.00000,b,l
2025-04-08 12:10:29,1.10020000,50.00000,b,l
2025-04-08 12:10:29,1.10040000,50.00000,b,l
2025-04-08 12:10:29,1.10060000,50.00000,b,l
2025-04-08 12:10:29,1.10080000,50.00000,b,l
2025-04-08 12:10:29,1.10100000,50.00000,b,l
2025-04-08 12:10:29,1.10120000,50.00000,b,l
2025-04-08 12:10:29,1.10140000,50.00000,b,l
2025-04-08 12:10:29,1.10160000,50.00000,b,l
2025-04-08 12:10:29,1.10180000,50.00000,b,l
2025-04-08 12:10:29,1.10720000,60.05148,b,l
2025-04-08 12:10:29,1.12990000,1206.96992,b,l
2025-04-08 12:15:00,1.09250000,14.96262,s,l
2025-04-08 12:15:00,1.09240000,14.07218,s,l
2025-04-08 12:15:00,1.09220000,20.47020,s,l
2025-04-08 13:35:41,1.09270000,21.83272,s,l
2025-04-08 14:11:09,1.09210000,180.43933,s,l
2025-04-08 14:11:10,1.09200000,50.00000,s,l
2025-04-08 14:12:15,1.09180000,50.00000,s,l
2025-04-08 14:22:24,1.09160000,50.00000,s,l
2025-04-08 14:22:37,1.09140000,50.00000,s,l
2025-04-08 14:22:37,1.09120000,50.00000,s,l
2025-04-08 14:23:29,1.09100000,50.00000,s,l
2025-04-08 14:23:29,1.09080000,50.00000,s,l
2025-04-08 14:23:29,1.09060000,50.00000,s,l
2025-04-08 14:23:29,1.09040000,6.12416,s,l
2025-04-08 14:35:12,1.09040000,43.87583,s,l
2025-04-08 14:35:14,1.09020000,50.00000,s,l
2025-04-08 14:35:14,1.09010000,663.47347,s,l
2025-04-08 14:35:15,1.09010000,546.77006,s,l
2025-04-08 14:35:15,1.09010000,40.78848,s,l
2025-04-08 14:35:15,1.09000000,50.00000,s,l
2025-04-08 14:35:15,1.08980000,50.00000,s,l
2025-04-08 14:35:34,1.08960000,50.00000,s,l
2025-04-08 14:35:34,1.08940000,50.00000,s,l
2025-04-08 14:35:34,1.08920000,50.00000,s,l
2025-04-08 14:35:34,1.08900000,365.79075,s,l
2025-04-08 14:35:54,1.08910000,27.74312,s,l
2025-04-08 14:40:47,1.12820000,5.00000,b,m
2025-04-08 14:43:15,1.08900000,5.00000,s,m
2025-04-08 17:00:38,1.11010000,22.74312,b,l
2025-04-08 17:00:38,1.11020000,14.96262,b,l
2025-04-08 17:00:38,1.12980000,222.74225,b,l
2025-04-08 17:00:38,1.12990000,43.03008,b,l
2025-04-08 17:00:38,1.12990000,1583.38173,b,l
2025-04-08 17:25:33,1.12970000,14.07218,b,l
2025-04-08 17:25:33,1.12980000,69.41782,b,l
2025-04-08 17:41:23,1.09280000,13.79500,s,l
2025-04-08 17:41:23,1.09270000,69.69500,s,l
2025-04-08 18:39:53,1.12520000,13.79500,b,l
2025-04-08 18:39:53,1.12530000,69.69411,b,l
2025-04-08 18:39:53,1.12540000,50.85199,b,l
2025-04-08 19:31:02,1.09720000,102.36602,s,l
2025-04-08 19:35:10,1.09720000,11.66341,s,l
2025-04-09 03:31:42,1.12510000,11.66341,b,l
2025-04-09 03:31:42,1.12520000,102.36602,b,l
2025-04-09 03:31:42,1.12530000,1889.72520,b,l
2025-04-09 03:31:42,1.12540000,83.87337,b,l
2025-04-09 04:07:20,1.12540000,17.61290,b,l
2025-04-09 04:23:59,1.12540000,969.79741,b,m
2025-04-09 04:25:29,1.09810000,11.61904,s,m
2025-04-09 04:25:29,1.09800000,12.49081,s,m
2025-04-09 04:25:29,1.09760000,231.88811,s,m
2025-04-09 04:25:29,1.09750000,4555.80865,s,m
2025-04-09 04:25:29,1.08920000,312.15482,s,m
2025-04-09 04:25:29,1.08910000,1687.33816,s,m
2025-04-09 04:25:29,1.08900000,3158.84445,s,m
2025-04-09 04:33:10,1.08950000,22.00655,s,l
2025-04-09 04:44:03,1.10400000,312.15480,b,l
2025-04-09 06:31:41,1.09170000,4580.01282,s,m
2025-04-09 06:31:41,1.09160000,419.98718,s,m
2025-04-09 06:42:52,1.10390000,231.88811,b,l
2025-04-09 06:43:14,1.10410000,11.61904,b,l
2025-04-09 12:46:35,1.11980000,5.00000,b,m
2025-04-09 14:45:34,1.11990000,62.40960,b,l
2025-04-09 16:11:14,1.10060000,5536.94408,b,l
2025-04-09 17:24:56,1.09750000,12.41062,s,l
2025-04-09 17:29:23,1.09100000,11.02367,s,l
2025-04-09 17:29:23,1.09090000,50.15623,s,l
2025-04-09 18:29:53,1.11480000,357.57759,b,l
2025-04-09 18:29:53,1.11490000,50.15623,b,l
2025-04-09 18:29:53,1.11740000,11.02367,b,l
2025-04-09 18:29:53,1.12000000,1845.64805,b,l
2025-04-09 18:29:53,1.12980000,301.37218,b,l
2025-04-09 18:29:53,1.12980000,147.35059,b,l
2025-04-09 18:29:53,1.13490000,560.06109,b,l
2025-04-09 19:01:19,1.12490000,17.62269,b,m
2025-04-09 19:15:17,1.12500000,51.44020,b,l
2025-04-09 19:26:42,1.09630000,14.42753,s,l
2025-04-09 19:32:01,1.09420000,15.43925,s,l
2025-04-09 19:32:01,1.09410000,34.25973,s,l
2025-04-09 19:39:31,1.09410000,200.80567,s,l
2025-04-09 19:39:42,1.09400000,1000.30554,s,l
2025-04-09 19:39:42,1.09400000,1000.50962,s,l
2025-04-09 19:39:42,1.09400000,1000.71380,s,l
2025-04-09 19:39:42,1.09400000,967.41071,s,l
2025-04-09 20:06:55,1.09030000,22.30570,s,l
2025-04-09 20:10:28,1.12230000,1.89980,b,l
2025-04-09 21:35:00,1.11670000,12.52773,b,l
2025-04-09 21:35:00,1.11680000,17.71799,b,l
2025-04-09 21:35:00,1.12490000,87.83098,b,l
2025-04-09 21:36:19,1.09060000,15.64546,s,l
2025-04-09 21:36:19,1.09060000,90.59333,s,l
2025-04-09 21:36:19,1.09050000,9.51131,s,l
2025-04-09 21:51:50,1.12470000,15.64546,b,l
2025-04-09 21:51:50,1.12480000,9.51132,b,l
2025-04-09 21:51:50,1.12490000,147.23442,b,l
2025-04-09 21:51:50,1.12490000,90.59333,b,l
2025-04-09 21:51:50,1.12500000,850.66537,b,l
2025-04-09 22:34:48,1.09540000,14.62533,s,l
2025-04-09 22:34:48,1.09530000,4.68537,s,l
2025-04-09 23:56:32,1.12490000,2.09100,b,l
2025-04-10 00:50:39,1.09390000,50.42660,s,l
2025-04-10 15:33:25,1.11690000,60.00000,b,l
2025-04-10 15:33:25,1.11690000,60.00000,b,l
2025-04-10 15:33:25,1.11690000,60.00000,b,l
2025-04-10 15:33:26,1.11690000,60.00000,b,l
2025-04-10 15:33:26,1.11690000,60.00000,b,l
2025-04-10 15:33:26,1.11690000,60.00000,b,l
2025-04-10 15:33:26,1.11690000,60.00000,b,l
2025-04-10 15:33:26,1.11690000,60.00000,b,l
2025-04-10 15:33:26,1.11690000,60.00000,b,l
2025-04-10 15:33:26,1.11690000,60.00000,b,l
2025-04-10 15:33:26,1.11690000,60.00000,b,l
2025-04-10 15:33:26,1.11690000,60.00000,b,l
2025-04-10 15:33:26,1.11690000,60.00000,b,l
2025-04-10 15:33:26,1.11690000,60.00000,b,l
2025-04-10 15:33:26,1.11690000,44.70888,b,l
2025-04-10 19:20:53,1.10830000,14.37853,s,l
2025-04-10 19:20:53,1.10820000,191.63571,s,l
2025-04-10 19:20:53,1.10810000,2817.71946,s,l
2025-04-10 20:37:36,1.10890000,30.76230,s,l
2025-04-10 22:26:33,1.12750000,19.06390,b,l
2025-04-10 22:26:33,1.12760000,2.16130,b,l
2025-04-11 00:32:38,1.12980000,10.37303,b,l
2025-04-11 00:32:38,1.12990000,92.19029,b,l
2025-04-11 00:32:38,1.12990000,149.87201,b,l
2025-04-11 00:32:39,1.13000000,3158.84520,b,l
2025-04-11 00:32:39,1.13000000,3950.33066,b,l
2025-04-11 00:32:39,1.13000000,18.60901,b,l
2025-04-11 01:31:46,1.12750000,12.96623,s,l
2025-04-11 01:31:46,1.12740000,14.55280,s,l
2025-04-11 01:31:46,1.12740000,973.54139,b,l
2025-04-11 07:06:29,1.13000000,602.02639,b,l
2025-04-11 07:06:29,1.13000000,602.20785,b,l
2025-04-11 07:06:29,1.13000000,602.38936,b,l
2025-04-11 07:06:29,1.13000000,355.85794,b,l
2025-04-11 07:06:29,1.13000000,602.57093,b,l
2025-04-11 07:06:29,1.13000000,602.75255,b,l
2025-04-11 07:06:29,1.13000000,312.13320,b,l
2025-04-11 08:31:06,1.14940000,12.96623,b,l
2025-04-11 08:31:06,1.14950000,14.55280,b,l
2025-04-11 08:31:06,1.15000000,98.47307,b,l
2025-04-11 08:57:52,1.15000000,178.56521,b,l
2025-04-11 09:18:48,1.13530000,14.99444,s,m
2025-04-11 09:18:48,1.13340000,2.62825,s,m
2025-04-11 09:18:48,1.13340000,178.56521,s,m
2025-04-11 09:32:06,1.13500000,3524.19383,b,l
2025-04-11 09:32:06,1.13500000,0.03524,b,l
2025-04-11 09:32:13,1.13600000,4401.36444,b,l
2025-04-11 09:32:13,1.13600000,0.04401,b,l
2025-04-11 09:32:21,1.13700000,4628.73463,b,l
2025-04-11 09:32:21,1.13700000,0.04629,b,l
2025-04-11 09:40:40,1.14980000,14.99444,b,l
2025-04-11 09:40:40,1.14990000,181.19347,b,l
2025-04-11 09:40:40,1.15000000,1722.96172,b,l
2025-04-11 09:40:40,1.17100000,145.62662,b,l
2025-04-11 09:40:40,1.17990000,2000.00000,b,l
2025-04-11 09:40:40,1.18990000,2000.00000,b,l
2025-04-11 09:40:40,1.19990000,2000.00000,b,l
2025-04-11 09:40:40,1.20990000,380.25655,b,l
2025-04-11 09:45:10,1.13810000,14.97027,s,l
2025-04-11 09:45:10,1.13800000,13.17844,s,l
2025-04-11 09:45:10,1.13800000,1729.30324,b,l
2025-04-11 09:45:10,1.13800000,0.01729,b,l
2025-04-11 09:45:16,1.13800000,895.29881,b,l
2025-04-11 09:45:16,1.13800000,896.08567,b,l
2025-04-11 09:45:16,1.13800000,895.29881,b,l
2025-04-11 09:45:35,1.13600000,2640.81866,b,l
2025-04-11 09:45:35,1.13600000,0.02641,b,l
2025-04-11 09:45:39,1.13600000,1760.54577,b,l
2025-04-11 09:45:47,1.13600000,36.19784,b,l
2025-04-11 09:45:47,1.13600000,1201.68024,b,l
2025-04-11 09:45:47,1.13600000,1202.04774,b,l
2025-04-11 09:45:47,1.13600000,1202.41535,b,l
2025-04-11 09:45:47,1.13600000,752.71381,b,l
2025-04-11 09:46:01,1.13500000,1102.08376,b,l
2025-04-11 09:46:01,1.13500000,0.01102,b,l
2025-04-11 09:50:54,1.17840000,14.97027,b,l
2025-04-11 09:50:54,1.17850000,13.17844,b,l
2025-04-11 09:50:54,1.17880000,245.04558,b,l
2025-04-11 09:50:54,1.20990000,1619.74345,b,l
2025-04-11 09:50:54,1.21990000,2000.00000,b,l
2025-04-11 09:50:54,1.22990000,2000.00000,b,l
2025-04-11 09:50:54,1.23990000,455.80056,b,l
2025-04-11 09:51:17,1.17970000,224.31385,b,l
2025-04-11 09:51:17,1.23990000,489.84895,b,l
2025-04-11 09:51:43,1.14300000,2184.99566,s,l
2025-04-11 09:51:43,1.14300000,2.23093,s,l
2025-04-11 09:51:43,1.14060000,242.41265,s,l
2025-04-11 09:51:43,1.14010000,1944.81392,s,l
2025-04-11 09:54:20,1.14550000,5.00000,b,l
2025-04-11 09:54:20,1.19840000,242.41265,b,l
2025-04-11 09:54:20,1.19850000,235.61262,b,l
2025-04-11 09:54:20,1.23740000,72.32263,b,l
2025-04-11 09:54:41,1.19710000,217.08578,b,l
2025-04-11 09:54:41,1.23990000,740.93932,b,l
2025-04-11 09:54:43,1.14060000,91.35777,s,l
2025-04-11 09:55:03,1.14050000,21.58161,s,l
2025-04-11 09:55:08,1.14060000,47.63098,s,l
2025-04-11 09:55:13,1.14510000,801.46096,s,l
2025-04-11 09:55:13,1.14510000,0.81831,s,l
2025-04-11 09:55:13,1.14040000,14.94193,s,l
2025-04-11 09:55:13,1.14030000,254.76391,s,l
2025-04-11 09:55:13,1.14020000,531.75510,s,l
2025-04-11 09:55:33,1.19550000,531.75510,b,l
2025-04-11 09:55:33,1.19560000,21.58161,b,l
2025-04-11 09:55:33,1.19560000,47.63098,b,l
2025-04-11 09:55:33,1.19600000,254.76391,b,l
2025-04-11 09:55:33,1.19700000,216.64807,b,l
2025-04-11 09:55:33,1.23400000,128.51183,b,l
2025-04-11 09:55:33,1.23400000,128.51183,b,l
2025-04-11 09:55:33,1.23400000,128.51183,b,l
2025-04-11 09:55:33,1.23400000,128.51183,b,l
2025-04-11 09:55:33,1.23400000,125.95991,b,l
2025-04-11 09:55:36,1.14020000,21.73609,s,l
2025-04-11 09:55:36,1.14020000,293.84833,s,l
2025-04-11 09:55:38,1.14010000,993.17014,s,l
2025-04-11 09:55:38,1.14010000,993.49164,s,l
2025-04-11 09:55:38,1.14010000,815.53771,s,l
2025-04-11 09:55:38,1.14010000,178.27553,s,l
2025-04-11 09:55:38,1.14010000,994.13494,s,l
2025-04-11 09:55:38,1.14010000,994.45674,s,l
2025-04-11 09:55:38,1.14010000,994.77866,s,l
2025-04-11 09:55:38,1.14010000,995.10068,s,l
2025-04-11 09:55:38,1.14030000,266.93572,s,l
2025-04-11 09:55:38,1.14030000,0.27255,s,l
2025-04-11 09:55:38,1.14010000,91.38179,s,l
2025-04-11 09:55:38,1.14010000,91.38179,s,l
2025-04-11 09:55:39,1.14010000,1172.20132,s,l
2025-04-11 09:55:39,1.14010000,1172.33694,s,l
2025-04-11 09:55:39,1.14010000,360.80732,s,l
2025-04-11 09:56:40,1.18970000,91.35777,b,l
2025-04-11 09:56:40,1.18980000,21.73609,b,l
2025-04-11 09:56:40,1.18980000,293.84833,b,l
2025-04-11 09:56:40,1.18990000,2000.00000,b,l
2025-04-11 09:56:40,1.19760000,267.20827,b,l
2025-04-11 09:56:40,1.19770000,14.94193,b,l
2025-04-11 09:56:40,1.19990000,2000.00000,b,l
2025-04-11 09:56:40,1.20130000,226.16405,b,l
2025-04-11 09:56:40,1.20990000,2000.00000,b,l
2025-04-11 09:56:40,1.21990000,831.83536,b,l
2025-04-11 09:58:15,1.14020000,1177.31055,s,l
2025-04-11 09:58:15,1.14020000,690.70326,s,l
2025-04-11 09:58:16,1.14020000,540.33802,s,l
2025-04-11 09:58:16,1.14020000,39.38040,s,l
2025-04-11 09:58:17,1.14020000,280.66005,s,l
2025-04-11 09:58:20,1.14020000,91.36288,s,l
2025-04-11 09:58:20,1.14020000,91.36288,s,l
2025-04-11 09:58:20,1.14020000,91.36288,s,l
2025-04-11 09:58:34,1.14010000,958.13613,s,l
2025-04-11 09:58:34,1.14010000,958.42952,s,l
2025-04-11 09:58:34,1.14010000,958.72300,s,l
2025-04-11 09:58:34,1.14010000,727.09710,s,l
2025-04-11 10:00:36,1.13490000,30.88168,s,l
2025-04-11 10:01:32,1.14010000,30.23006,s,l
2025-04-11 10:01:32,1.14010000,3572.15569,s,l
2025-04-11 10:01:32,1.13510000,30.23004,s,l
2025-04-11 10:02:27,1.13500000,13.04085,s,l
2025-04-11 10:02:34,1.12550000,22.27584,s,l
2025-04-11 10:02:34,1.12540000,12.42579,s,l
2025-04-11 10:02:34,1.12530000,1427.15425,s,l
2025-04-11 10:04:26,1.13000000,2654.84070,b,l
2025-04-11 10:04:26,1.13000000,0.02655,b,l
2025-04-11 10:04:31,1.13000000,750.74925,b,l
2025-04-11 10:04:31,1.13000000,658.62873,b,l
2025-04-11 10:05:01,1.12900000,2156.65776,b,l
2025-04-11 10:05:01,1.12900000,500.56101,b,l
2025-04-11 10:05:27,1.12700000,1493.88927,b,l
2025-04-11 10:05:27,1.12700000,492.99271,b,l
2025-04-11 10:05:27,1.12700000,492.99272,b,l
2025-04-11 10:31:04,1.10560000,15.47024,s,l
2025-04-11 10:31:04,1.10520000,989.86428,s,l
2025-04-11 10:31:04,1.10510000,6472.71740,s,l
2025-04-11 10:31:04,1.10010000,3809.54828,s,l
2025-04-11 10:31:40,1.11540000,552.76381,b,l
2025-04-11 10:31:40,1.11550000,280.66005,b,l
2025-04-11 10:31:40,1.11990000,678.63202,b,l
2025-04-11 10:31:40,1.12000000,7116.25652,b,l
2025-04-11 10:32:07,1.11990000,678.63202,b,l
2025-04-11 10:32:07,1.12000000,6244.30608,b,l
2025-04-11 10:32:43,1.10160000,74.90672,s,l
2025-04-11 10:32:43,1.10040000,162.72820,s,l
2025-04-11 10:33:05,1.11880000,162.72820,b,l
2025-04-11 10:33:05,1.11890000,510.74977,b,l
2025-04-11 10:33:05,1.11960000,15.47024,b,l
2025-04-11 10:33:05,1.12000000,1619.33009,b,l
2025-04-11 10:38:28,1.10020000,225.21508,s,l
2025-04-11 10:40:33,1.10030000,15.55952,s,l
2025-04-11 10:40:33,1.10020000,62.06947,s,l
2025-04-11 10:40:33,1.10010000,147.65712,s,l
2025-04-11 10:49:43,1.10010000,41.03933,s,l
2025-04-11 11:00:28,1.10010000,1313.74659,s,l
2025-04-11 11:00:28,1.09550000,1360.48379,s,l
2025-04-11 11:00:28,1.09520000,5.00000,s,l
2025-04-11 11:00:28,1.09150000,778.74395,s,l
2025-04-11 11:00:28,1.09150000,531.48262,s,l
2025-04-11 11:00:28,1.09150000,163.53311,s,l
2025-04-11 11:00:28,1.09150000,613.09115,b,m
2025-04-11 11:00:28,1.11630000,15.55952,b,m
2025-04-11 11:00:28,1.11740000,274.08864,b,m
2025-04-11 11:00:28,1.11750000,287.28455,b,m
2025-04-11 11:00:28,1.13270000,61.11172,b,m
2025-04-11 11:00:28,1.13280000,22.27584,b,m
2025-04-11 11:00:28,1.13300000,687.62798,b,m
2025-04-11 11:07:45,1.13290000,126.22473,b,m
2025-04-11 11:07:45,1.10060000,71.77902,s,m
2025-04-11 11:07:45,1.10050000,15.54011,s,m
2025-04-11 11:07:45,1.10010000,38.90560,s,m
2025-04-11 11:36:28,1.10030000,252.87693,s,l
2025-04-11 11:36:28,1.10000000,19.36451,s,l
2025-04-11 13:18:59,1.11760000,15.54011,b,l
2025-04-11 13:18:59,1.11820000,291.78253,b,l
2025-04-11 13:18:59,1.11830000,652.51921,b,l
2025-04-11 13:18:59,1.11870000,71.77902,b,l
2025-04-11 13:19:13,1.13800000,3111.00000,b,l
2025-04-11 13:20:57,1.12190000,20.00000,b,l
2025-04-11 13:20:57,1.12240000,20.00000,b,l
2025-04-11 13:20:57,1.12290000,20.00000,b,l
2025-04-11 13:20:57,1.12340000,20.00000,b,l
2025-04-11 13:20:57,1.12390000,20.00000,b,l
2025-04-11 13:20:57,1.12440000,20.00000,b,l
2025-04-11 13:20:57,1.12490000,20.00000,b,l
2025-04-11 13:20:57,1.12540000,20.00000,b,l
2025-04-11 13:20:57,1.12590000,20.00000,b,l
2025-04-11 13:20:57,1.12640000,20.00000,b,l
2025-04-11 13:25:06,1.13330000,20.00000,b,l
2025-04-11 13:25:06,1.13380000,20.00000,b,l
2025-04-11 13:25:06,1.13430000,20.00000,b,l
2025-04-11 13:25:06,1.13490000,20.00000,b,l
2025-04-11 13:25:06,1.13530000,20.00000,b,l
2025-04-11 13:25:06,1.13580000,20.00000,b,l
2025-04-11 13:25:39,1.13630000,20.00000,b,l
2025-04-11 13:25:39,1.13690000,20.00000,b,l
2025-04-11 13:26:12,1.13730000,20.00000,b,l
2025-04-11 13:28:37,1.13780000,20.00000,b,l
2025-04-11 13:32:40,1.13830000,20.00000,b,l
2025-04-11 13:35:54,1.13850000,20.00000,s,l
2025-04-11 13:38:32,1.13800000,20.00000,s,l
2025-04-11 13:38:41,1.13750000,20.00000,s,l
2025-04-11 13:38:44,1.13700000,20.00000,s,l
2025-04-11 13:38:48,1.13650000,20.00000,s,l
2025-04-11 13:38:52,1.13600000,20.00000,s,l
2025-04-11 13:39:16,1.13550000,20.00000,s,l
2025-04-11 13:39:18,1.13500000,15.18880,s,l
2025-04-11 13:39:40,1.13500000,4.81120,s,l
2025-04-11 13:39:40,1.13450000,15.51863,s,l
2025-04-11 13:39:44,1.13450000,4.48137,s,l
2025-04-11 13:39:44,1.13400000,15.86512,s,l
2025-04-11 13:40:07,1.13430000,20.00000,b,l
2025-04-11 13:40:36,1.13480000,20.00000,b,l
2025-04-11 13:40:55,1.13530000,18.84732,b,l
2025-04-11 13:42:08,1.13530000,1.15268,b,l
2025-04-11 13:42:08,1.13580000,8.80359,b,l
2025-04-11 13:42:08,1.13580000,11.19640,b,l
2025-04-11 13:42:13,1.13630000,20.00000,b,l
2025-04-11 13:42:38,1.13650000,20.00000,s,l
2025-04-11 13:42:38,1.13600000,1.15267,s,l
2025-04-11 13:43:27,1.13630000,20.00000,b,l
2025-04-11 13:46:45,1.13650000,20.00000,s,l
2025-04-11 13:46:55,1.13600000,18.84732,s,l
2025-04-11 13:47:13,1.13550000,20.00000,s,l
2025-04-11 13:47:32,1.13500000,20.00000,s,l
2025-04-11 13:47:38,1.13450000,20.00000,s,l
2025-04-11 13:49:29,1.13400000,4.13488,s,l
2025-04-11 13:49:29,1.13350000,6.70242,s,l
2025-04-11 13:49:29,1.13350000,13.29757,s,l
2025-04-11 13:49:29,1.13300000,20.00000,s,l
2025-04-11 13:49:30,1.13250000,20.00000,s,l
2025-04-11 13:49:45,1.13230000,20.00000,b,l
2025-04-11 13:50:05,1.13280000,20.00000,b,l
2025-04-11 13:51:03,1.13330000,20.00000,b,l
2025-04-11 13:54:14,1.13350000,20.00000,s,l
2025-04-11 13:58:29,1.13330000,20.00000,b,l
2025-04-11 13:59:16,1.13380000,20.00000,b,l
2025-04-11 13:59:34,1.13430000,20.00000,b,l
2025-04-11 14:02:40,1.13480000,20.00000,b,l
2025-04-11 14:04:06,1.13530000,20.00000,b,l
2025-04-11 14:06:56,1.13580000,20.00000,b,l
2025-04-11 14:12:29,1.13630000,20.00000,b,l
2025-04-11 14:22:33,1.13650000,7.14642,s,l
2025-04-11 14:22:33,1.13650000,7.14642,s,l
2025-04-11 14:22:33,1.13650000,5.70715,s,l
2025-04-11 14:25:30,1.13630000,20.00000,b,l
2025-04-11 14:31:43,1.13650000,20.00000,s,l
2025-04-11 14:32:00,1.13600000,20.00000,s,l
2025-04-11 14:32:29,1.13550000,20.00000,s,l
2025-04-11 14:33:20,1.13500000,20.00000,s,l
2025-04-11 14:33:51,1.13450000,20.00000,s,l
2025-04-11 14:39:26,1.13430000,20.00000,b,l
2025-04-11 14:40:59,1.13480000,20.00000,b,l
2025-04-11 14:43:55,1.13500000,20.00000,s,l
2025-04-11 14:48:27,1.13450000,20.00000,s,l
2025-04-11 14:49:15,1.13400000,20.00000,s,l
2025-04-11 14:50:39,1.13350000,20.00000,s,l
2025-04-11 14:52:36,1.13300000,20.00000,s,l
2025-04-11 14:56:43,1.13280000,19.95305,b,l
2025-04-11 15:09:40,1.13250000,20.00000,s,l
2025-04-11 15:12:57,1.13230000,4.41579,b,m
2025-04-11 15:16:42,1.13200000,20.00000,s,l
2025-04-11 15:16:44,1.13150000,20.00000,s,l
2025-04-11 15:19:26,1.13130000,18.45368,b,l
2025-04-11 15:20:40,1.13100000,20.00000,s,l
2025-04-11 15:20:40,1.13050000,20.00000,s,l
2025-04-11 15:20:40,1.13000000,20.00000,s,l
2025-04-11 15:20:40,1.13000000,3285.74643,b,l
2025-04-11 15:20:40,1.13000000,0.03286,b,l
2025-04-11 15:21:12,1.12980000,19.99043,b,l
2025-04-11 15:24:31,1.12980000,0.00957,b,m
2025-04-11 15:24:31,1.13030000,20.00000,b,m
2025-04-11 15:24:31,1.13080000,20.00000,b,m
2025-04-11 15:24:31,1.13130000,1.54632,b,m
2025-04-11 15:24:31,1.13180000,20.00000,b,m
2025-04-11 15:24:31,1.13230000,15.58421,b,m
2025-04-11 15:24:31,1.13280000,0.04695,b,m
2025-04-11 15:24:31,1.13300000,42.30312,b,m
2025-04-11 15:24:38,1.13250000,11.43455,s,l
2025-04-11 15:24:38,1.13250000,8.56544,s,l
2025-04-11 15:25:23,1.13200000,20.00000,s,l
2025-04-11 15:31:33,1.13150000,20.00000,s,l
2025-04-11 15:31:33,1.13100000,20.00000,s,l
2025-04-11 15:31:33,1.13050000,20.00000,s,l
2025-04-11 15:35:17,1.13000000,13.25100,s,l
2025-04-11 15:41:03,1.13000000,6.74899,s,l
2025-04-11 15:54:43,1.12950000,20.00000,s,m
2025-04-11 15:54:43,1.12900000,20.00000,s,m
2025-04-11 15:54:43,1.12850000,20.00000,s,m
2025-04-11 15:54:43,1.12800000,20.00000,s,m
2025-04-11 15:54:43,1.12750000,20.00000,s,m
2025-04-11 15:54:43,1.12700000,19.49017,s,m
2025-04-11 15:57:16,1.12730000,20.00000,b,m
2025-04-11 15:57:16,1.12780000,20.00000,b,m
2025-04-11 15:57:16,1.12830000,20.00000,b,m
2025-04-11 15:57:16,1.12880000,20.00000,b,m
2025-04-11 15:57:16,1.12930000,20.00000,b,m
2025-04-11 15:57:16,1.12980000,19.72336,b,m
2025-04-11 15:57:51,1.12950000,20.00000,s,l
2025-04-11 16:00:53,1.12900000,13.23052,s,l
2025-04-11 16:00:54,1.12900000,6.76947,s,l
2025-04-11 16:03:01,1.12850000,20.00000,s,m
2025-04-11 16:03:01,1.12800000,20.00000,s,m
2025-04-11 16:03:01,1.12750000,20.00000,s,m
2025-04-11 16:03:01,1.12700000,0.50983,s,m
2025-04-11 16:03:01,1.12650000,20.00000,s,m
2025-04-11 16:03:01,1.12600000,20.00000,s,m
2025-04-11 16:03:01,1.12550000,19.21353,s,m
2025-04-11 17:37:46,1.12580000,8.88257,b,l
2025-04-11 17:37:48,1.12580000,11.11743,b,l
2025-04-11 17:38:05,1.12630000,20.00000,b,l
2025-04-11 17:39:47,1.12680000,8.87468,b,l
2025-04-11 17:39:48,1.12680000,11.12532,b,l
2025-04-11 17:39:58,1.12680000,20.00000,b,l
2025-04-11 17:40:02,1.12700000,204.81392,b,l
2025-04-11 17:56:55,1.12650000,20.00000,s,l
2025-04-11 17:57:23,1.12600000,20.00000,s,l
2025-04-11 18:54:02,1.12580000,20.00000,b,l
2025-04-11 18:54:02,1.12630000,13.84572,b,l
2025-04-11 19:08:50,1.12630000,6.15427,b,l
2025-04-11 19:17:33,1.12680000,20.00000,b,l
2025-04-11 19:23:38,1.12730000,20.00000,b,l
2025-04-11 19:36:39,1.12780000,20.00000,b,l
2025-04-11 19:36:39,1.12830000,20.00000,b,l
2025-04-11 19:36:39,1.12880000,20.00000,b,l
2025-04-11 19:44:40,1.12930000,20.00000,b,l
2025-04-11 19:44:40,1.12980000,0.27664,b,l
2025-04-11 19:44:40,1.13000000,422.21366,b,l
2025-04-11 19:45:40,1.12950000,20.00000,s,l
2025-04-11 19:45:40,1.12900000,20.00000,s,l
2025-04-11 19:45:40,1.12850000,20.00000,s,l
2025-04-11 19:45:40,1.12800000,20.00000,s,l
2025-04-11 19:45:40,1.12750000,20.00000,s,l
2025-04-11 19:45:40,1.12700000,20.00000,s,l
2025-04-11 19:45:40,1.12650000,20.00000,s,l
2025-04-11 19:45:40,1.12600000,20.00000,s,l
2025-04-11 19:45:40,1.12550000,0.78647,s,l
2025-04-11 19:45:40,1.12500000,20.00000,s,l
2025-04-11 19:45:40,1.12320000,261.70383,s,l
2025-04-11 19:45:44,1.12830000,20.00000,b,l
2025-04-11 19:45:44,1.12780000,20.00000,b,l
2025-04-11 19:45:44,1.12730000,20.00000,b,l
2025-04-11 19:45:44,1.12680000,20.00000,b,l
2025-04-11 19:45:44,1.12630000,20.00000,b,l
2025-04-11 19:45:44,1.12580000,20.00000,b,l
2025-04-11 19:45:44,1.12530000,20.00000,b,l
2025-04-11 19:45:44,1.12480000,20.00000,b,l
2025-04-11 19:46:23,1.12880000,20.00000,b,l
2025-04-11 19:56:04,1.12930000,20.00000,b,l
2025-04-11 20:10:01,1.12980000,20.00000,b,l
2025-04-11 20:30:06,1.13000000,585.23086,b,l
2025-04-11 20:30:06,1.13000000,585.40649,b,l
2025-04-11 20:30:06,1.13000000,585.58218,b,l
2025-04-11 20:30:06,1.13000000,585.75791,b,l
2025-04-11 20:30:06,1.13000000,585.93370,b,l
2025-04-11 20:30:06,1.13000000,586.10954,b,l
2025-04-11 20:30:06,1.13000000,15.28679,b,l
2025-04-11 20:55:37,1.13030000,20.00000,b,l
2025-04-11 20:58:20,1.13080000,20.00000,b,l
2025-04-11 20:59:17,1.13130000,20.00000,b,l
2025-04-11 22:01:20,1.13180000,15.06566,b,l
2025-04-11 23:41:43,1.13000000,49.50500,s,l
2025-04-12 00:16:36,1.13000000,20.57584,s,l
2025-04-12 00:16:36,1.12480000,15.34495,s,l
2025-04-12 00:16:36,1.12470000,64.49581,s,l
2025-04-12 01:22:18,1.13180000,4.93434,b,m
2025-04-12 01:22:18,1.13230000,0.06566,b,m
2025-04-12 06:31:40,1.12880000,30.00000,b,l
2025-04-12 06:32:35,1.12930000,30.00000,b,l
2025-04-12 06:32:35,1.12980000,30.00000,b,l
2025-04-12 12:13:55,1.12990000,5.00000,s,m
2025-04-12 13:20:06,1.13190000,30.00000,b,l
2025-04-12 13:20:06,1.13240000,30.00000,b,l
2025-04-12 13:20:06,1.13290000,30.00000,b,l
2025-04-12 13:20:06,1.13340000,30.00000,b,l
2025-04-12 13:20:06,1.13390000,30.00000,b,l
2025-04-12 13:20:06,1.13430000,3.29987,b,l
2025-04-12 14:14:45,1.13400000,29.39999,s,l
2025-04-12 14:39:45,1.13400000,0.60001,s,l
2025-04-12 14:39:45,1.13350000,30.00000,s,l
2025-04-12 14:39:45,1.13300000,20.11039,s,l
2025-04-12 17:32:26,1.13300000,9.88961,s,l
2025-04-12 18:18:35,1.13250000,30.00000,s,l
2025-04-12 18:18:35,1.13200000,20.71050,s,l
2025-04-13 02:55:41,1.13240000,14.01779,b,m
2025-04-13 14:40:36,1.13240000,15.98221,b,m
2025-04-13 14:40:36,1.13280000,53.31925,b,m
2025-04-13 14:40:36,1.13200000,9.19660,s,l
2025-04-13 15:41:13,1.13280000,63.07710,b,l
2025-04-13 16:47:18,1.13250000,15.29702,s,m
2025-04-13 21:05:13,1.13250000,14.70298,s,l
2025-04-13 22:33:26,1.13240000,30.00000,b,l
2025-04-13 23:16:48,1.13280000,90.92488,b,m
2025-04-13 23:16:48,1.13250000,29.39999,s,l
2025-04-13 23:33:10,1.13250000,0.60001,s,l
2025-04-13 23:33:10,1.13200000,0.09290,s,l
2025-04-13 23:33:10,1.13150000,30.00000,s,l
2025-04-13 23:33:10,1.13100000,30.00000,s,l
2025-04-13 23:33:10,1.13050000,1.75969,s,l
2025-04-13 23:43:44,1.13090000,30.00000,b,l
2025-04-13 23:47:44,1.13140000,30.00000,b,l
2025-04-14 00:01:03,1.13190000,30.00000,b,l
2025-04-14 00:07:20,1.13240000,30.00000,b,l
2025-04-14 00:08:18,1.13280000,51.08272,b,l
2025-04-14 00:08:18,1.13290000,30.00000,b,l
2025-04-14 00:08:19,1.13300000,95.44308,b,l
2025-04-14 00:08:19,1.13300000,95.27298,b,l
2025-04-14 00:08:19,1.13300000,95.27614,b,l
2025-04-14 00:08:19,1.13300000,95.27931,b,l
2025-04-14 00:08:19,1.13300000,95.28256,b,l
2025-04-14 00:08:19,1.13300000,95.28581,b,l
2025-04-14 00:08:19,1.13300000,95.28906,b,l
2025-04-14 00:08:19,1.13300000,95.29232,b,l
2025-04-14 00:08:19,1.13300000,95.29557,b,l
2025-04-14 00:08:19,1.13300000,95.29882,b,l
2025-04-14 00:08:19,1.13300000,95.30199,b,l
2025-04-14 00:08:19,1.13300000,95.30515,b,l
2025-04-14 00:08:19,1.13300000,95.30832,b,l
2025-04-14 00:08:19,1.13300000,95.31157,b,l
2025-04-14 00:08:19,1.13300000,95.31482,b,l
2025-04-14 00:08:19,1.13300000,95.31807,b,l
2025-04-14 00:08:19,1.13300000,95.32124,b,l
2025-04-14 00:08:19,1.13300000,95.32449,b,l
2025-04-14 00:08:19,1.13300000,95.32774,b,l
2025-04-14 00:08:19,1.13300000,65.28990,b,l
2025-04-14 01:12:25,1.13290000,23.04673,b,l
2025-04-14 01:12:25,1.13290000,6.95326,b,l
2025-04-14 01:12:36,1.13290000,23.05007,b,l
2025-04-14 01:12:36,1.13290000,6.94993,b,l
2025-04-14 01:12:49,1.13290000,8.82348,b,l
2025-04-14 01:12:49,1.13290000,21.17652,b,l
2025-04-14 01:12:49,1.13300000,8.82333,b,l
2025-04-14 01:12:49,1.13300000,23.05893,b,l
2025-04-14 01:12:49,1.13300000,23.06139,b,l
2025-04-14 01:12:49,1.13300000,23.06386,b,l
2025-04-14 01:12:49,1.13300000,23.06632,b,l
2025-04-14 01:12:49,1.13300000,23.06887,b,l
2025-04-14 01:12:49,1.13300000,23.07142,b,l
2025-04-14 01:12:49,1.13300000,23.07397,b,l
2025-04-14 01:12:49,1.13300000,23.07652,b,l
2025-04-14 01:12:49,1.13300000,23.07898,b,l
2025-04-14 01:12:49,1.13300000,23.08144,b,l
2025-04-14 01:12:49,1.13300000,23.08390,b,l
2025-04-14 01:12:49,1.13300000,23.08636,b,l
2025-04-14 01:12:49,1.13300000,23.08891,b,l
2025-04-14 01:12:49,1.13300000,23.09146,b,l
2025-04-14 01:12:49,1.13300000,23.09401,b,l
2025-04-14 01:12:49,1.13300000,23.09656,b,l
2025-04-14 01:12:49,1.13300000,23.09911,b,l
2025-04-14 01:12:49,1.13300000,23.10157,b,l
2025-04-14 01:12:49,1.13300000,23.10403,b,l
2025-04-14 01:12:49,1.13300000,23.10649,b,l
2025-04-14 01:12:49,1.13300000,23.10895,b,l
2025-04-14 01:12:49,1.13300000,23.11150,b,l
2025-04-14 01:12:49,1.13300000,23.11405,b,l
2025-04-14 01:12:49,1.13300000,23.11660,b,l
2025-04-14 01:12:49,1.13300000,23.11915,b,l
2025-04-14 01:12:49,1.13300000,23.12170,b,l
2025-04-14 01:12:49,1.13300000,23.12425,b,l
2025-04-14 01:12:49,1.13300000,23.12671,b,l
2025-04-14 01:12:49,1.13300000,23.12917,b,l
2025-04-14 01:12:49,1.13300000,23.13172,b,l
2025-04-14 01:12:49,1.13300000,23.13427,b,l
2025-04-14 01:12:49,1.13300000,23.13682,b,l
2025-04-14 01:12:49,1.13300000,23.13937,b,l
2025-04-14 01:12:49,1.13300000,23.14192,b,l
2025-04-14 01:12:49,1.13300000,23.14447,b,l
2025-04-14 01:12:49,1.13300000,23.14702,b,l
2025-04-14 01:12:49,1.13300000,23.14948,b,l
2025-04-14 01:12:49,1.13300000,23.15194,b,l
2025-04-14 01:12:49,1.13300000,23.15449,b,l
2025-04-14 01:12:49,1.13300000,23.15704,b,l
2025-04-14 01:12:49,1.13300000,23.15959,b,l
2025-04-14 01:12:49,1.13300000,23.16214,b,l
2025-04-14 01:12:49,1.13300000,23.16486,b,l
2025-04-14 01:12:49,1.13300000,23.16759,b,l
2025-04-14 01:12:49,1.13300000,23.17031,b,l
2025-04-14 01:12:49,1.13300000,8.82325,b,l
2025-04-14 01:12:49,1.13300000,23.17409,b,l
2025-04-14 01:12:49,1.13300000,23.17664,b,l
2025-04-14 01:12:49,1.13300000,23.17946,b,l
2025-04-14 01:12:49,1.13300000,23.18324,b,l
2025-04-14 01:12:49,1.13300000,23.18702,b,l
2025-04-14 01:12:49,1.13300000,23.19080,b,l
2025-04-14 01:12:49,1.13300000,23.19449,b,l
2025-04-14 01:12:49,1.13300000,23.19818,b,l
2025-04-14 01:12:49,1.13300000,23.20196,b,l
2025-04-14 01:12:49,1.13300000,23.20574,b,l
2025-04-14 01:12:50,1.13300000,23.20952,b,l
2025-04-14 01:12:50,1.13300000,23.21330,b,l
2025-04-14 01:12:50,1.13300000,23.21708,b,l
2025-04-14 01:12:50,1.13300000,23.22077,b,l
2025-04-14 01:12:50,1.13300000,23.22455,b,l
2025-04-14 01:12:50,1.13300000,23.22833,b,l
2025-04-14 01:12:50,1.13300000,23.23211,b,l
2025-04-14 01:12:50,1.13300000,23.23589,b,l
2025-04-14 01:12:50,1.13300000,23.23967,b,l
2025-04-14 01:12:50,1.13300000,23.24345,b,l
2025-04-14 01:12:50,1.13300000,23.24723,b,l
2025-04-14 01:12:50,1.13300000,23.25101,b,l
2025-04-14 01:12:50,1.13300000,23.25479,b,l
2025-04-14 01:12:50,1.13300000,23.25857,b,l
2025-04-14 01:12:50,1.13300000,23.26235,b,l
2025-04-14 01:12:50,1.13300000,23.26622,b,l
2025-04-14 01:12:50,1.13300000,23.27000,b,l
2025-04-14 01:12:50,1.13300000,21.98288,b,l
2025-04-14 01:26:55,1.13290000,30.00000,b,l
2025-04-14 01:27:04,1.13290000,30.00000,b,l
2025-04-14 01:28:30,1.13290000,11.01557,b,l
2025-04-14 03:04:25,1.13250000,30.00000,s,m
2025-04-14 03:04:25,1.13200000,30.00000,s,m
2025-04-14 03:04:25,1.13150000,30.00000,s,m
2025-04-14 03:04:25,1.13100000,30.00000,s,m
2025-04-14 03:04:25,1.13050000,28.24031,s,m
2025-04-14 03:04:25,1.13000000,30.00000,s,m
2025-04-14 03:04:25,1.12950000,30.00000,s,m
2025-04-14 03:04:25,1.12900000,30.00000,s,m
2025-04-14 03:04:25,1.12850000,30.00000,s,m
2025-04-14 03:04:25,1.12800000,30.00000,s,m
2025-04-14 03:04:25,1.12370000,8.89917,s,m
2025-04-14 03:04:25,1.12010000,293.53486,s,m
2025-04-14 03:04:25,1.12000000,2466.94059,s,m
2025-04-14 03:04:25,1.11900000,1000.00000,s,m
2025-04-14 03:04:25,1.11800000,1000.00000,s,m
2025-04-14 03:04:25,1.11700000,1000.00000,s,m
2025-04-14 03:04:25,1.11460000,645.97074,s,m
2025-04-14 03:04:25,1.10010000,1721.41433,s,m
2025-04-14 03:08:25,1.12040000,89.26588,b,l
2025-04-14 03:08:27,1.12030000,293.53487,b,l
2025-04-14 03:35:49,1.12780000,556.70487,b,l
2025-04-14 03:35:49,1.12790000,30.00000,b,l
2025-04-14 05:07:44,1.12890000,30.00000,b,l
2025-04-14 05:08:55,1.12990000,8.83785,b,l
2025-04-14 05:08:55,1.12990000,21.16215,b,l
2025-04-14 05:20:35,1.13240000,30.00000,b,l
2025-04-14 05:23:17,1.13290000,30.00000,b,l
2025-04-14 05:26:33,1.13300000,112.50299,b,l
2025-04-14 05:26:33,1.13300000,85.52107,b,l
2025-04-14 06:08:05,1.13300000,261.86951,b,l
2025-04-14 06:08:05,1.13300000,70.17068,b,l
2025-04-14 13:11:13,1.12810000,291.50527,s,l
2025-04-14 13:11:13,1.12800000,748.72532,s,l
2025-04-14 14:57:13,1.13340000,30.00000,b,l
2025-04-14 14:57:13,1.13390000,30.00000,b,l
2025-04-14 14:57:13,1.13440000,30.00000,b,l
2025-04-14 14:57:13,1.13490000,15.70400,b,l
2025-04-15 00:36:54,1.13200000,156.77234,s,l
2025-04-15 00:36:54,1.13200000,408.54186,s,l
2025-04-15 00:36:54,1.13200000,306.93844,s,l
2025-04-15 05:57:07,1.12810000,105.70400,s,l
2025-04-15 08:19:21,1.13420000,22.48930,b,l
2025-04-15 08:54:56,1.13410000,30.00000,s,m
2025-04-15 08:54:56,1.13400000,100.00000,s,m
2025-04-15 08:54:56,1.13360000,30.00000,s,m
2025-04-15 08:54:56,1.13310000,30.00000,s,m
2025-04-15 08:54:56,1.13260000,30.00000,s,m
2025-04-15 08:54:56,1.13210000,30.00000,s,m
2025-04-15 08:54:56,1.13160000,30.00000,s,m
2025-04-15 08:54:56,1.13110000,30.00000,s,m
2025-04-15 08:54:56,1.13060000,30.00000,s,m
2025-04-15 08:54:56,1.13010000,30.00000,s,m
2025-04-15 08:54:56,1.12960000,30.00000,s,m
2025-04-15 08:54:56,1.12810000,17.72890,s,m
2025-04-15 08:54:56,1.12800000,3664.56981,s,m
2025-04-15 08:54:56,1.12700000,917.70129,s,m
2025-04-15 08:54:57,1.13350000,30.00000,b,l
2025-04-15 08:54:57,1.13300000,30.00000,b,l
2025-04-15 08:54:57,1.13250000,30.00000,b,l
2025-04-15 08:54:57,1.13200000,30.00000,b,l
2025-04-15 08:54:57,1.13150000,30.00000,b,l
2025-04-15 10:05:36,1.13150000,50.00000,b,l
2025-04-15 10:07:27,1.13230000,50.00000,b,l
2025-04-15 11:24:25,1.13270000,50.00000,s,l
2025-04-15 12:58:15,1.13190000,50.00000,s,l
2025-04-15 13:21:26,1.13110000,8.84106,s,l
2025-04-15 13:21:26,1.13110000,8.84106,s,l
2025-04-15 13:21:26,1.13110000,8.84106,s,l
2025-04-15 13:26:08,1.13110000,8.84103,s,l
2025-04-15 13:26:08,1.13110000,14.63579,s,l
2025-04-15 13:48:19,1.13070000,50.00000,b,l
2025-04-15 14:06:40,1.13110000,50.00000,s,l
2025-04-15 14:10:12,1.13030000,50.00000,s,l
2025-04-15 14:11:30,1.12950000,50.00000,s,l
2025-04-15 14:26:44,1.12910000,50.00000,b,l
2025-04-15 14:35:05,1.12990000,50.00000,b,l
2025-04-15 14:56:46,1.13030000,15.06560,s,l
2025-04-15 14:57:50,1.13070000,50.00000,b,l
2025-04-15 15:31:09,1.13110000,50.00000,s,l
2025-04-15 15:44:43,1.13030000,34.93439,s,l
2025-04-15 15:51:43,1.12950000,50.00000,s,l
2025-04-15 16:16:50,1.12870000,50.00000,s,l
2025-04-15 16:33:45,1.12790000,50.00000,s,l
2025-04-15 16:50:03,1.12750000,50.00000,b,l
2025-04-15 16:50:03,1.12830000,50.00000,b,l
2025-04-15 16:50:03,1.12910000,50.00000,b,l
2025-04-15 16:50:03,1.12990000,25.64040,b,l
2025-04-15 16:50:05,1.12790000,8.86930,s,l
2025-04-15 16:50:05,1.12790000,41.13069,s,l
2025-04-15 16:50:05,1.12870000,49.99999,s,l
2025-04-15 16:50:05,1.12950000,49.94900,s,l
2025-04-15 16:50:05,1.12950000,0.05100,s,l
2025-04-15 16:50:05,1.12710000,49.94899,s,l
2025-04-15 19:19:43,1.12750000,50.00000,b,l
2025-04-15 20:41:15,1.12830000,50.00000,b,l
2025-04-15 20:41:15,1.12910000,50.00000,b,l
2025-04-15 20:41:15,1.12990000,24.35960,b,l
2025-04-15 20:41:15,1.13070000,50.00000,b,l
2025-04-15 20:41:15,1.13150000,50.00000,b,l
2025-04-15 20:41:15,1.13230000,50.00000,b,l
2025-04-15 20:41:15,1.13310000,20.78720,b,l
2025-04-15 20:41:17,1.12870000,8.85995,s,l
2025-04-15 20:41:17,1.12870000,8.85995,s,l
2025-04-15 20:41:17,1.12870000,32.28009,s,l
2025-04-15 20:41:17,1.12950000,49.99999,s,l
2025-04-15 20:41:17,1.13030000,49.94900,s,l
2025-04-15 20:41:17,1.13030000,0.05100,s,l
2025-04-15 20:41:17,1.12790000,49.94899,s,l
2025-04-15 20:41:17,1.13110000,49.94900,s,l
2025-04-15 20:41:17,1.13110000,0.05100,s,l
2025-04-15 21:34:29,1.12790000,0.05101,s,l
2025-04-15 21:34:29,1.12710000,0.05101,s,l
2025-04-15 21:34:29,1.12710000,5.12722,s,l
2025-04-15 22:00:35,1.12750000,50.00000,b,l
2025-04-15 22:06:36,1.12830000,7.17779,b,m
2025-04-15 22:06:36,1.12830000,8.96012,b,m
2025-04-15 22:06:36,1.12790000,5.09939,s,m
2025-04-15 22:10:55,1.12830000,33.86209,b,l
2025-04-15 22:10:55,1.12830000,33.86209,b,l
2025-04-15 22:19:48,1.12870000,50.00000,s,l
2025-04-15 22:19:48,1.12790000,44.90061,s,l
2025-04-15 22:19:48,1.12710000,905.09939,s,l
2025-04-15 22:19:51,1.12830000,8.86108,b,l
2025-04-15 22:19:51,1.12830000,8.86108,b,l
2025-04-15 22:19:51,1.12830000,32.27783,b,l
2025-04-15 22:19:51,1.12750000,50.00000,b,l
2025-04-15 23:04:45,1.12870000,50.00000,s,l
2025-04-15 23:33:09,1.12830000,50.00000,b,l
2025-04-16 00:12:05,1.12910000,46.83952,b,l
2025-04-16 00:17:33,1.12910000,3.16048,b,l
2025-04-16 00:17:33,1.12990000,50.00000,b,l
2025-04-16 00:17:51,1.13070000,44.22039,b,l
2025-04-16 00:26:11,1.13030000,47.41374,s,l
2025-04-16 00:35:43,1.13070000,5.77960,b,l
2025-04-16 00:41:06,1.13110000,50.00000,s,l
2025-04-16 01:04:16,1.13070000,50.00000,b,l
2025-04-16 01:38:31,1.13150000,50.00000,b,l
2025-04-16 01:57:50,1.13190000,50.00000,s,l
2025-04-16 02:04:35,1.13150000,22.51494,b,l
2025-04-16 03:35:02,1.13150000,27.48506,b,l
2025-04-16 04:01:51,1.13230000,50.00000,b,l
2025-04-16 05:25:31,1.13270000,18.02049,s,m
2025-04-16 05:34:43,1.13310000,29.21280,b,l
2025-04-16 05:54:10,1.13390000,50.00000,b,l
2025-04-16 05:55:25,1.13440000,291.50526,b,l
2025-04-16 05:55:59,1.13450000,373.71018,b,l
2025-04-16 05:55:59,1.13450000,199.76429,b,l
2025-04-16 05:58:18,1.13450000,373.88394,b,l
2025-04-16 05:58:18,1.13450000,373.99743,b,l
2025-04-16 05:58:18,1.13450000,374.11096,b,l
2025-04-16 05:58:18,1.13450000,374.22452,b,l
2025-04-16 05:58:18,1.13450000,374.33812,b,l
2025-04-16 05:58:18,1.13450000,374.45175,b,l
2025-04-16 05:58:18,1.13450000,264.61561,b,l
2025-04-16 06:38:40,1.13450000,100.03276,b,l
2025-04-16 09:40:08,1.13450000,9.27148,b,l
2025-04-16 09:40:17,1.13450000,10.26490,b,l
2025-04-16 09:41:52,1.13430000,9.27148,s,m
2025-04-16 10:03:40,1.13430000,13.04085,s,l
2025-04-16 13:36:03,1.13450000,228.58149,b,l
2025-04-16 13:36:03,1.13460000,50.00000,b,l
2025-04-16 13:36:03,1.13470000,30.00000,b,l
2025-04-16 13:36:03,1.13470000,50.00000,b,l
2025-04-16 13:36:03,1.13540000,50.00000,b,l
2025-04-16 13:36:03,1.13550000,50.00000,b,l
2025-04-16 13:36:03,1.13620000,50.00000,b,l
2025-04-16 13:36:03,1.13630000,50.00000,b,l
2025-04-16 13:36:03,1.13700000,50.00000,b,l
2025-04-16 13:36:03,1.13710000,50.00000,b,l
2025-04-16 13:36:03,1.13780000,50.00000,b,l
2025-04-16 13:36:03,1.13790000,50.00000,b,l
2025-04-16 13:36:03,1.13860000,50.00000,b,l
2025-04-16 13:36:03,1.13940000,50.00000,b,l
2025-04-16 13:36:03,1.14000000,19.36450,b,l
2025-04-16 13:36:03,1.14020000,50.00000,b,l
2025-04-16 13:36:03,1.14100000,50.00000,b,l
2025-04-16 13:36:03,1.14110000,50.00000,b,l
2025-04-16 13:36:03,1.14180000,50.00000,b,l
2025-04-16 13:36:03,1.14190000,50.00000,b,l
2025-04-16 13:36:03,1.14260000,50.00000,b,l
2025-04-16 13:36:03,1.14270000,50.00000,b,l
2025-04-16 13:36:03,1.14340000,50.00000,b,l
2025-04-16 13:36:03,1.14350000,50.00000,b,l
2025-04-16 13:36:03,1.14420000,50.00000,b,l
2025-04-16 13:36:03,1.14430000,50.00000,b,l
2025-04-16 13:36:03,1.14500000,5000.00000,b,l
2025-04-16 13:36:03,1.14500000,50.00000,b,l
2025-04-16 13:36:03,1.14510000,50.00000,b,l
2025-04-16 13:36:03,1.14580000,50.00000,b,l
2025-04-16 13:36:03,1.14590000,50.00000,b,l
2025-04-16 13:36:03,1.14600000,1000.00000,b,l
2025-04-16 13:36:03,1.14880000,250.00000,b,l
2025-04-16 13:36:03,1.15000000,419.82847,b,l
2025-04-16 13:36:03,1.15000000,3045.91744,b,l
2025-04-16 13:36:09,1.13660000,5.99287,s,l
2025-04-16 13:36:09,1.13660000,44.00712,s,l
2025-04-16 13:36:09,1.13740000,49.99999,s,l
2025-04-16 13:36:09,1.13580000,50.00000,s,l
2025-04-16 13:39:18,1.14800000,10.48019,b,l
2025-04-16 14:06:58,1.14800000,328.05790,b,l
2025-04-16 14:15:01,1.14800000,5.51914,b,m
2025-04-16 14:34:13,1.13280000,11.39259,s,l
2025-04-16 14:34:13,1.13270000,31.97951,s,l
2025-04-16 14:34:13,1.13260000,50.00000,s,l
2025-04-16 14:34:13,1.13220000,8.12753,s,l
2025-04-16 15:16:57,1.13220000,5.51914,s,m
2025-04-16 19:21:21,1.13820000,13.64668,b,l
2025-04-16 19:21:21,1.13830000,3807.72019,b,l
2025-04-16 19:21:21,1.14800000,1436.97933,b,l
2025-04-16 19:27:15,1.13540000,50.00000,b,l
2025-04-16 19:33:55,1.13620000,50.00000,b,l
2025-04-16 19:33:55,1.13690000,11.39259,b,l
2025-04-16 19:33:55,1.13700000,50.00000,b,l
2025-04-16 19:33:55,1.13780000,39.82802,b,l
2025-04-16 19:33:55,1.13780000,10.17198,b,l
2025-04-16 19:36:23,1.13860000,26.64251,b,l
2025-04-16 20:36:26,1.13820000,47.25738,s,l
2025-04-16 23:27:50,1.13860000,23.35748,b,l
2025-04-16 23:35:28,1.13940000,50.00000,b,l
2025-04-17 00:03:54,1.13980000,50.00000,s,l
2025-04-17 00:24:11,1.13900000,8.77999,s,l
2025-04-17 00:24:11,1.13900000,8.77999,s,l
2025-04-17 00:24:11,1.13900000,32.44002,s,l
2025-04-17 01:45:46,1.13820000,2.74262,s,l
2025-04-17 01:53:11,1.13740000,50.00000,s,l
2025-04-17 02:55:07,1.13660000,17.65803,s,m
2025-04-17 02:55:08,1.13660000,17.06614,s,m
2025-04-17 04:14:10,1.13700000,17.59010,b,l
2025-04-17 05:37:19,1.13660000,8.80025,s,l
2025-04-17 05:37:21,1.13660000,6.47557,s,l
2025-04-17 05:44:40,1.13580000,50.00000,s,l
2025-04-17 06:47:14,1.13540000,50.00000,b,l
2025-04-17 07:46:24,1.13620000,50.00000,b,l
2025-04-17 08:38:45,1.13700000,32.40990,b,l
2025-04-17 10:08:26,1.13740000,50.00000,s,l
2025-04-17 11:00:37,1.13660000,8.80106,s,l
2025-04-17 11:00:37,1.13660000,8.80106,s,l
2025-04-17 11:00:37,1.13660000,32.39788,s,l
2025-04-17 12:16:42,1.13580000,50.00000,s,l
2025-04-17 12:17:51,1.13540000,50.00000,b,l
2025-04-17 12:19:05,1.13580000,50.00000,s,l
2025-04-17 12:20:18,1.13500000,38.65959,s,l
2025-04-17 13:00:23,1.13540000,16.92345,b,l
2025-04-17 13:05:57,1.13540000,33.07654,b,l
2025-04-17 13:08:24,1.13580000,50.00000,s,l
2025-04-17 13:08:24,1.13500000,11.34041,s,l
2025-04-17 13:08:24,1.13420000,50.00000,s,l
2025-04-17 13:08:24,1.13340000,50.00000,s,l
2025-04-17 13:08:24,1.13280000,291.98931,s,l
2025-04-17 13:08:24,1.13270000,3546.67028,s,l
2025-04-17 13:08:24,1.13540000,50.00000,b,l
2025-04-17 13:08:24,1.13460000,50.00000,b,l
2025-04-17 13:08:25,1.13380000,50.00000,b,l
2025-04-17 13:08:25,1.13300000,50.00000,b,l
2025-04-17 14:22:30,1.13620000,50.00000,b,l
2025-04-17 14:25:18,1.13700000,8.79510,b,m
2025-04-17 14:25:22,1.13700000,41.20490,b,l
2025-04-17 14:26:31,1.13740000,8.79510,s,m
2025-04-17 14:32:10,1.13740000,8.79384,s,l
2025-04-17 14:32:10,1.13740000,8.79384,s,l
2025-04-17 14:32:11,1.13740000,23.61721,s,l
2025-04-17 14:49:01,1.13660000,50.00000,s,l
2025-04-17 14:53:37,1.13580000,50.00000,s,l
2025-04-17 14:54:58,1.13500000,50.00000,s,l
2025-04-17 14:55:12,1.13420000,50.00000,s,l
2025-04-17 15:02:23,1.13380000,8.81989,b,l
2025-04-17 15:02:28,1.13380000,41.18010,b,l
2025-04-17 15:11:28,1.13460000,8.81367,b,l
2025-04-17 15:11:28,1.13460000,8.81367,b,l
2025-04-17 15:11:28,1.13460000,8.81367,b,l
2025-04-17 15:11:29,1.13460000,23.55899,b,l
2025-04-17 15:20:58,1.13540000,8.80852,b,l
2025-04-17 15:21:47,1.13540000,41.19147,b,l
2025-04-17 15:30:21,1.13620000,50.00000,b,l
2025-04-17 15:50:07,1.13660000,50.00000,s,l
2025-04-17 16:26:26,1.13580000,50.00000,s,l
2025-04-17 16:35:17,1.13500000,50.00000,s,l
2025-04-17 16:42:13,1.13460000,50.00000,b,l
2025-04-17 16:43:53,1.13500000,50.00000,s,l
2025-04-17 16:43:53,1.13420000,50.00000,s,l
2025-04-17 16:43:53,1.13340000,28.71290,s,l
2025-04-17 16:43:58,1.13460000,50.00000,b,l
2025-04-17 16:43:58,1.13380000,50.00000,b,l
2025-04-17 16:55:45,1.13500000,50.00000,s,l
2025-04-17 17:47:38,1.13420000,10.48019,s,m
2025-04-17 18:03:42,1.13460000,48.92013,b,l
2025-04-17 18:45:08,1.13460000,1.07987,b,l
2025-04-17 18:45:13,1.13540000,44.03734,b,l
2025-04-17 18:46:36,1.13540000,5.96265,b,l
2025-04-17 18:51:08,1.13620000,50.00000,b,l
2025-04-17 20:56:47,1.13700000,5.88109,b,m
2025-04-17 20:56:47,1.13700000,44.11891,b,m
2025-04-17 20:56:47,1.13780000,50.00000,b,m
2025-04-17 20:56:47,1.13860000,1.30239,b,m
2025-04-17 20:56:47,1.13860000,7.61611,b,m
2025-04-17 20:56:47,1.13850000,45.11722,b,m
2025-04-17 20:56:47,1.13860000,41.08150,b,m
2025-04-17 20:56:47,1.13940000,17.84979,b,m
2025-04-17 20:56:52,1.13820000,50.00000,s,l
2025-04-17 20:56:52,1.13900000,49.94900,s,l
2025-04-17 20:56:52,1.13900000,0.05100,s,l
2025-04-17 20:56:52,1.13740000,50.00000,s,l
2025-04-18 00:25:16,1.13700000,50.00000,b,l
2025-04-18 00:55:00,1.13740000,45.11721,s,l
2025-04-18 14:55:12,1.13780000,50.00000,b,l
2025-04-18 19:53:02,1.13900000,8.78363,s,l
2025-04-18 19:53:02,1.13900000,41.21636,s,l
2025-04-18 20:05:29,1.13820000,50.00000,s,l
2025-04-19 00:33:05,1.13860000,50.00000,b,m
2025-04-19 00:33:05,1.13940000,32.15021,b,m
2025-04-19 00:33:05,1.14020000,22.84455,b,m
2025-04-19 01:01:07,1.13740000,4.88279,s,l
2025-04-19 01:01:07,1.13660000,50.00000,s,l
2025-04-19 01:01:07,1.13580000,50.00000,s,l
2025-04-19 01:01:07,1.13500000,50.00000,s,l
2025-04-19 01:01:07,1.13420000,2.72255,s,l
2025-04-19 06:56:03,1.13740000,50.00000,b,l
2025-04-19 08:53:57,1.13820000,50.00000,b,l
2025-04-19 10:34:38,1.13860000,8.78550,s,l
2025-04-19 10:34:38,1.13860000,8.78550,s,l
2025-04-19 10:34:39,1.13860000,8.78550,s,l
2025-04-19 10:34:39,1.13860000,8.78550,s,l
2025-04-19 10:34:40,1.13860000,8.78550,s,l
2025-04-19 10:34:40,1.13860000,6.07249,s,l
2025-04-19 21:09:03,1.13780000,5.09997,s,m
2025-04-19 21:09:03,1.13780000,44.90003,s,m
2025-04-19 21:09:03,1.13700000,11.07229,s,m
2025-04-19 21:09:03,1.13740000,50.00000,b,l
2025-04-20 00:23:31,1.13820000,39.53611,b,l
2025-04-20 05:33:41,1.13780000,1.76560,s,l
2025-04-20 07:26:49,1.13820000,10.46389,b,l
2025-04-20 07:26:49,1.13900000,50.00000,b,l
2025-04-20 07:26:49,1.13980000,5.58811,b,l
2025-04-20 15:50:57,1.13940000,50.00000,s,l
2025-04-20 20:49:56,1.13900000,5.00000,b,m
2025-04-20 21:01:30,1.13900000,8.70130,b,l
2025-04-20 21:29:47,1.13900000,36.29869,b,l
2025-04-20 21:43:20,1.13980000,44.41188,b,l
2025-04-20 21:43:31,1.13980000,8.77339,b,l
2025-04-20 21:43:31,1.13980000,41.22661,b,l
2025-04-20 21:43:43,1.13980000,50.00000,b,l
2025-04-20 21:47:49,1.13980000,50.00000,b,l
2025-04-20 21:50:04,1.13980000,50.00000,b,l
2025-04-20 21:50:14,1.13980000,8.19152,b,l
2025-04-20 21:50:14,1.13980000,8.76948,b,l
2025-04-20 21:50:14,1.13980000,33.03900,b,l
2025-04-20 21:50:27,1.13980000,50.00000,b,l
2025-04-20 21:50:39,1.13980000,39.03556,b,l
2025-04-20 21:50:39,1.13980000,8.74807,b,l
2025-04-20 22:06:39,1.13980000,2.21637,b,l
2025-04-20 22:06:39,1.14020000,8.76954,b,l
2025-04-20 22:06:39,1.14020000,8.76954,b,l
2025-04-20 22:06:39,1.14020000,9.61636,b,l
2025-04-20 22:06:49,1.14060000,43.83657,b,l
2025-04-20 22:22:49,1.14060000,6.16342,b,l
2025-04-20 22:22:56,1.14060000,8.76716,b,l
2025-04-20 22:22:56,1.14060000,8.76716,b,l
2025-04-20 22:22:56,1.14060000,32.46567,b,l
2025-04-20 22:23:08,1.14060000,50.00000,b,l
2025-04-20 22:23:21,1.14060000,50.00000,b,l
2025-04-20 22:23:33,1.14060000,8.76708,b,l
2025-04-20 22:23:33,1.14060000,8.76708,b,l
2025-04-20 22:23:34,1.14060000,32.46584,b,l
2025-04-20 22:23:46,1.14060000,8.76716,b,l
2025-04-20 22:23:46,1.14060000,8.76716,b,l
2025-04-20 22:23:46,1.14060000,32.46567,b,l
2025-04-20 22:23:58,1.14060000,8.76647,b,l
2025-04-20 22:23:58,1.14060000,8.76647,b,l
2025-04-20 22:23:58,1.14060000,32.46705,b,l
2025-04-20 22:24:11,1.14060000,50.00000,b,l
2025-04-20 22:24:23,1.14060000,50.00000,b,l
2025-04-20 22:24:36,1.14060000,50.00000,b,l
2025-04-20 22:24:48,1.14060000,50.00000,b,l
2025-04-20 22:24:54,1.14100000,50.00000,b,l
2025-04-20 23:04:57,1.14140000,50.00000,b,l
2025-04-20 23:08:29,1.14140000,50.00000,b,l
2025-04-20 23:08:41,1.14140000,8.76063,b,l
2025-04-20 23:08:41,1.14140000,8.76063,b,l
2025-04-20 23:08:41,1.14140000,32.47874,b,l
2025-04-20 23:08:53,1.14140000,50.00000,b,l
2025-04-20 23:09:09,1.14140000,50.00000,b,l
