timestamp,price,volume,side,type
2025-03-02 14:14:31,0.94150000,18.92350,s,l
2025-03-02 15:22:33,0.94120000,9.16030,s,l
2025-03-02 16:53:31,0.96690000,9.91873,b,l
2025-03-02 16:59:13,0.96760000,6.32036,b,l
2025-03-02 18:53:54,0.94430000,6.95565,s,l
2025-03-02 20:02:49,0.94480000,7.19418,s,l
2025-03-02 20:06:11,0.93770000,100.00000,s,l
2025-03-03 14:34:11,0.95570000,5.00000,b,m
2025-03-04 04:27:57,0.91150000,30.77752,s,m
2025-03-04 06:43:01,0.91140000,5.08980,s,l
2025-03-04 11:52:09,0.95060000,9.96839,b,l
2025-03-04 11:52:09,0.95060000,89.52801,b,l
2025-03-04 14:05:07,0.94270000,11.01200,s,l
2025-03-05 14:28:48,0.91920000,5.00000,s,m
2025-03-05 14:47:01,0.92900000,6.69131,s,l
2025-03-06 10:12:23,0.91790000,10.00000,b,l
2025-03-06 10:12:23,0.92380000,140.00000,b,l
2025-03-06 10:13:08,0.93400000,10.00000,s,l
2025-03-06 10:13:08,0.92800000,140.00000,s,l
2025-03-06 10:13:08,0.93400000,10.00000,s,l
2025-03-06 10:13:08,0.92800000,10.78020,s,l
2025-03-06 10:13:08,0.92800000,129.21979,s,l
2025-03-06 10:13:24,0.93470000,9.98980,s,l
2025-03-06 10:13:24,0.93470000,0.01020,s,l
2025-03-06 10:13:24,0.92860000,140.00000,s,l
2025-03-06 10:15:16,0.92310000,10.00000,b,l
2025-03-06 10:15:18,0.92310000,10.00000,b,l
2025-03-06 10:15:19,0.92310000,10.00000,b,l
2025-03-06 10:16:16,0.93070000,250.74398,s,l
2025-03-06 10:16:16,0.93070000,0.25602,s,l
2025-03-06 10:16:17,0.92760000,251.00000,s,l
2025-03-06 10:16:17,0.93190000,228.76642,s,l
2025-03-06 10:16:17,0.93190000,0.23358,s,l
2025-03-06 10:16:17,0.93050000,198.58439,s,l
2025-03-06 10:16:17,0.93050000,52.41561,s,l
2025-03-06 10:16:21,0.92550000,251.00000,b,l
2025-03-06 10:16:32,0.92890000,6.36723,s,l
2025-03-06 10:16:32,0.92890000,55.03467,s,l
2025-03-06 10:16:32,0.92890000,10.45473,s,l
2025-03-06 10:16:32,0.92890000,55.05594,s,l
2025-03-06 10:16:33,0.92880000,251.00000,s,l
2025-03-06 10:16:37,0.92880000,251.00000,s,l
2025-03-06 10:16:42,0.92190000,250.99749,b,l
2025-03-06 10:16:42,0.92190000,0.00251,b,l
2025-03-06 10:17:34,0.92130000,100.00000,b,l
2025-03-06 10:17:35,0.92530000,100.00000,b,l
2025-03-06 10:17:35,0.92130000,99.99900,b,l
2025-03-06 10:17:35,0.92130000,0.00100,b,l
2025-03-06 10:17:35,0.92130000,100.00000,b,l
2025-03-06 10:17:35,0.92530000,99.99900,b,l
2025-03-06 10:17:35,0.92530000,0.00100,b,l
2025-03-06 10:17:36,0.92130000,99.99900,b,l
2025-03-06 10:17:36,0.92130000,0.00100,b,l
2025-03-06 10:17:36,0.92130000,100.00000,b,l
2025-03-06 10:17:36,0.92530000,100.00000,b,l
2025-03-06 10:17:37,0.92130000,99.99900,b,l
2025-03-06 10:17:37,0.92130000,0.00100,b,l
2025-03-06 10:17:37,0.92130000,100.00000,b,l
2025-03-06 10:17:37,0.92130000,99.99900,b,l
2025-03-06 10:17:37,0.92130000,0.00100,b,l
2025-03-06 10:17:38,0.92130000,99.99900,b,l
2025-03-06 10:17:38,0.92130000,0.00100,b,l
2025-03-06 10:17:38,0.92130000,100.00000,b,l
2025-03-06 10:17:39,0.92130000,100.00000,b,l
2025-03-06 10:17:39,0.92480000,78.91250,b,l
2025-03-06 10:19:18,0.92070000,250.99748,b,l
2025-03-06 10:19:18,0.92070000,0.00252,b,l
2025-03-06 10:19:18,0.92470000,251.00000,b,l
2025-03-06 10:19:19,0.92090000,250.99749,b,l
2025-03-06 10:19:19,0.92090000,0.00251,b,l
2025-03-06 10:19:19,0.92490000,146.99853,b,l
2025-03-06 10:19:19,0.92490000,0.00147,b,l
2025-03-06 10:19:44,0.92110000,251.00000,b,l
2025-03-06 10:19:44,0.92500000,251.00000,b,l
2025-03-06 10:19:45,0.92640000,250.99748,b,l
2025-03-06 10:19:45,0.92640000,0.00252,b,l
2025-03-06 10:19:45,0.92140000,250.99749,b,l
2025-03-06 10:19:45,0.92140000,0.00251,b,l
2025-03-06 10:19:45,0.92540000,250.99748,b,l
2025-03-06 10:19:45,0.92540000,0.00252,b,l
2025-03-06 10:19:46,0.92160000,250.99748,b,l
2025-03-06 10:19:46,0.92160000,0.00252,b,l
2025-03-06 10:19:46,0.92550000,251.00000,b,l
2025-03-06 10:19:46,0.92180000,250.99749,b,l
2025-03-06 10:19:46,0.92180000,0.00251,b,l
2025-03-06 10:28:46,0.94580000,250.74398,s,l
2025-03-06 10:28:47,0.94580000,250.74398,s,l
2025-03-06 10:28:47,0.94580000,0.25602,s,l
2025-03-06 10:28:47,0.94600000,6.14629,s,l
2025-03-06 10:28:47,0.94600000,244.85371,s,l
2025-03-06 10:28:47,0.94600000,250.49574,s,l
2025-03-06 10:28:48,0.94600000,250.49574,s,l
2025-03-06 10:28:48,0.94600000,0.50426,s,l
2025-03-06 10:28:48,0.94600000,250.49574,s,l
2025-03-06 10:28:48,0.94600000,0.50426,s,l
2025-03-06 10:28:49,0.94600000,250.49574,s,l
2025-03-06 10:28:49,0.94600000,0.50426,s,l
2025-03-06 10:28:49,0.94600000,250.49574,s,l
2025-03-06 10:28:49,0.94600000,0.50426,s,l
2025-03-06 10:28:49,0.94600000,251.00000,s,l
2025-03-06 10:28:49,0.94600000,250.74398,s,l
2025-03-06 10:28:49,0.94600000,0.25602,s,l
2025-03-06 10:28:50,0.93230000,250.74398,s,l
2025-03-06 10:28:50,0.93230000,0.25602,s,l
2025-03-06 10:28:50,0.94600000,251.00000,s,l
2025-03-06 10:28:50,0.93230000,251.00000,s,l
2025-03-06 10:28:51,0.94590000,251.00000,s,l
2025-03-06 10:28:51,0.93550000,251.00000,s,l
2025-03-06 10:28:52,0.94570000,10.39513,s,l
2025-03-06 10:28:52,0.94570000,26.94980,s,l
2025-03-06 10:28:52,0.94570000,206.41526,s,l
2025-03-06 10:29:39,0.92340000,250.99749,b,l
2025-03-06 10:29:39,0.92340000,0.00251,b,l
2025-03-06 10:29:39,0.92340000,250.99749,b,l
2025-03-06 10:29:39,0.92340000,0.00251,b,l
2025-03-06 10:29:40,0.92340000,250.99749,b,l
2025-03-06 10:29:40,0.92340000,0.00251,b,l
2025-03-06 10:29:40,0.92340000,250.99749,b,l
2025-03-06 10:29:40,0.92340000,0.00251,b,l
2025-03-06 10:29:41,0.92340000,250.99749,b,l
2025-03-06 10:29:41,0.92340000,0.00251,b,l
2025-03-06 10:30:34,0.92530000,251.00000,b,l
2025-03-06 10:43:39,0.95320000,250.74398,s,l
2025-03-06 10:43:39,0.95320000,0.25602,s,l
2025-03-06 10:43:39,0.94560000,250.74398,s,l
2025-03-06 10:43:40,0.94560000,250.74398,s,l
2025-03-06 10:58:05,0.94170000,250.74398,s,l
2025-03-06 10:58:05,0.94170000,0.25602,s,l
2025-03-06 11:27:33,0.92790000,251.00000,s,l
2025-03-06 11:29:29,0.92950000,250.74398,s,l
2025-03-06 11:29:29,0.92950000,0.25602,s,l
2025-03-06 11:29:29,0.92780000,251.00000,s,l
2025-03-06 11:29:29,0.92930000,250.74398,s,l
2025-03-06 11:29:29,0.92930000,0.25602,s,l
2025-03-06 11:39:40,0.94280000,250.74398,s,l
2025-03-06 11:39:40,0.94280000,0.25602,s,l
2025-03-06 11:39:41,0.93400000,250.49574,s,l
2025-03-06 11:39:41,0.93600000,250.49574,s,l
2025-03-06 11:39:41,0.93600000,0.50426,s,l
2025-03-06 11:39:42,0.94250000,250.49574,s,l
2025-03-06 11:39:42,0.94250000,0.50426,s,l
2025-03-06 11:39:42,0.93380000,250.49574,s,l
2025-03-06 11:39:42,0.93380000,0.50426,s,l
2025-03-06 11:39:42,0.94230000,250.49574,s,l
2025-03-06 11:39:42,0.94230000,0.50426,s,l
2025-03-06 11:39:42,0.93360000,250.49574,s,l
2025-03-06 11:39:43,0.93350000,250.49574,s,l
2025-03-06 11:39:43,0.93350000,0.50426,s,l
2025-03-06 11:39:43,0.94200000,250.49574,s,l
2025-03-06 11:39:43,0.94200000,0.50426,s,l
2025-03-06 11:39:43,0.93330000,250.49574,s,l
2025-03-06 11:39:43,0.93330000,0.50426,s,l
2025-03-06 11:39:44,0.94180000,251.00000,s,l
2025-03-06 11:39:44,0.93310000,251.00000,s,l
2025-03-06 11:39:44,0.94170000,251.00000,s,l
2025-03-06 11:39:44,0.93290000,251.00000,s,l
2025-03-06 11:39:45,0.94150000,251.00000,s,l
2025-03-06 11:39:45,0.93270000,251.00000,s,l
2025-03-06 11:39:45,0.94130000,251.00000,s,l
2025-03-06 11:39:45,0.93250000,251.00000,s,l
2025-03-06 11:39:46,0.94110000,251.00000,s,l
2025-03-06 11:39:46,0.93240000,250.49574,s,l
2025-03-06 11:39:46,0.93240000,0.50426,s,l
2025-03-06 11:39:46,0.94090000,251.00000,s,l
2025-03-06 11:39:46,0.93220000,251.00000,s,l
2025-03-06 11:39:47,0.94070000,251.00000,s,l
2025-03-06 11:39:47,0.93200000,251.00000,s,l
2025-03-06 11:39:47,0.94050000,251.00000,s,l
2025-03-06 11:39:47,0.93180000,251.00000,s,l
2025-03-06 11:39:48,0.94320000,251.00000,s,l
2025-03-06 11:39:48,0.93160000,251.00000,s,l
2025-03-06 11:39:48,0.94010000,251.00000,s,l
2025-03-06 11:39:49,0.94000000,251.00000,s,l
2025-03-06 11:39:49,0.93130000,251.00000,s,l
2025-03-06 11:39:49,0.93990000,251.00000,s,l
2025-03-06 11:39:49,0.93250000,251.00000,s,l
2025-03-06 11:39:50,0.93970000,216.52049,s,l
2025-03-06 13:04:48,0.92580000,250.99749,b,l
2025-03-06 13:17:03,0.92340000,69.21383,s,l
2025-03-06 13:30:23,0.92450000,250.99748,b,l
2025-03-06 13:30:24,0.92450000,250.99748,b,l
2025-03-06 13:30:24,0.92450000,0.00252,b,l
2025-03-06 13:30:28,0.92460000,124.19723,b,l
2025-03-06 13:31:40,0.92720000,251.00000,s,l
2025-03-06 13:31:40,0.94560000,250.49574,s,l
2025-03-06 13:31:40,0.94560000,0.50426,s,l
2025-03-06 13:31:41,0.93040000,251.00000,s,l
2025-03-06 13:31:43,0.92700000,251.00000,s,l
2025-03-06 13:32:45,0.94170000,250.74398,s,l
2025-03-06 13:32:45,0.94170000,0.25602,s,l
2025-03-06 13:32:46,0.94160000,250.74398,s,l
2025-03-06 13:32:46,0.94160000,0.25602,s,l
2025-03-06 13:33:48,0.94370000,250.74398,s,l
2025-03-06 13:33:48,0.94370000,0.25602,s,l
2025-03-06 13:33:49,0.93370000,250.49574,s,l
2025-03-06 13:33:49,0.93370000,0.50426,s,l
2025-03-06 13:33:49,0.93630000,250.49574,s,l
2025-03-06 13:33:49,0.93630000,0.50426,s,l
2025-03-06 13:33:49,0.92980000,70.30552,s,l
2025-03-06 13:33:49,0.92980000,120.22750,s,l
2025-03-06 13:33:49,0.92980000,60.46697,s,l
2025-03-06 13:33:50,0.93610000,250.49574,s,l
2025-03-06 13:33:50,0.93610000,0.50426,s,l
2025-03-06 13:33:50,0.92970000,250.74398,s,l
2025-03-06 13:33:50,0.92970000,0.25602,s,l
2025-03-06 13:33:50,0.93590000,251.00000,s,l
2025-03-06 13:33:50,0.92950000,251.00000,s,l
2025-03-06 13:33:51,0.93570000,159.94100,s,l
2025-03-06 13:33:51,0.93570000,91.05899,s,l
2025-03-06 13:33:51,0.92930000,251.00000,s,l
2025-03-06 13:33:51,0.93550000,250.49574,s,l
2025-03-06 13:33:51,0.93550000,0.50426,s,l
2025-03-06 13:33:51,0.93540000,250.49574,s,l
2025-03-06 13:33:51,0.93540000,0.50426,s,l
2025-03-06 13:33:52,0.92900000,251.00000,s,l
2025-03-06 13:33:52,0.93770000,250.49574,s,l
2025-03-06 13:33:52,0.93770000,0.50426,s,l
2025-03-06 13:33:52,0.92880000,251.00000,s,l
2025-03-06 13:33:52,0.93500000,158.49647,s,l
2025-03-06 13:33:53,0.93500000,92.50352,s,l
2025-03-06 13:33:53,0.93420000,250.49574,s,l
2025-03-06 13:33:53,0.93420000,0.50426,s,l
2025-03-06 13:33:53,0.93990000,250.49574,s,l
2025-03-06 13:33:54,0.93480000,250.49574,s,l
2025-03-06 13:33:54,0.93480000,0.50426,s,l
2025-03-06 13:33:54,0.93230000,158.52367,s,l
2025-03-06 13:33:54,0.93230000,92.47633,s,l
2025-03-06 13:33:54,0.93460000,158.13355,s,l
2025-03-06 13:33:54,0.93460000,92.86645,s,l
2025-03-06 13:33:54,0.92820000,251.00000,s,l
2025-03-06 13:33:55,0.93440000,157.44724,s,l
2025-03-06 13:33:55,0.93440000,93.55276,s,l
2025-03-06 13:33:55,0.92800000,251.00000,s,l
2025-03-06 13:33:55,0.93420000,156.48033,s,l
2025-03-06 13:33:55,0.93420000,94.51967,s,l
2025-03-06 13:33:55,0.93410000,158.40868,s,l
2025-03-06 13:33:55,0.93410000,92.59131,s,l
2025-03-06 13:33:56,0.92770000,251.00000,s,l
2025-03-06 13:33:56,0.93390000,157.72181,s,l
2025-03-06 13:33:56,0.93390000,93.27818,s,l
2025-03-06 13:33:56,0.92750000,17.82459,s,l
2025-03-06 13:33:56,0.92750000,233.17540,s,l
2025-03-06 13:33:57,0.93370000,157.54499,s,l
2025-03-06 13:33:57,0.93370000,93.45500,s,l
2025-03-06 13:33:57,0.93220000,251.00000,s,l
2025-03-06 13:33:59,0.92720000,163.54838,s,l
2025-03-06 13:33:59,0.92720000,87.45162,s,l
2025-03-06 13:33:59,0.93500000,158.65421,s,l
2025-03-06 13:33:59,0.93500000,49.71522,s,l
2025-03-06 13:33:59,0.93500000,42.63056,s,l
2025-03-06 13:33:59,0.92700000,159.65513,s,l
2025-03-06 13:33:59,0.92700000,91.34487,s,l
2025-03-06 13:33:59,0.93330000,251.00000,s,l
2025-03-06 13:34:00,0.92690000,158.75007,s,l
2025-03-06 13:34:00,0.92690000,92.24993,s,l
2025-03-06 13:34:00,0.92680000,211.49940,s,l
2025-03-06 17:35:52,0.92470000,10.81431,s,l
2025-03-06 17:36:03,0.92470000,25.66150,s,l
2025-03-06 18:03:19,0.92290000,14.27440,s,l
2025-03-06 18:16:47,0.92570000,250.99748,b,l
2025-03-06 18:16:47,0.92570000,0.00252,b,l
2025-03-06 18:16:47,0.92570000,250.99748,b,l
2025-03-06 18:16:47,0.92570000,0.00252,b,l
2025-03-06 18:16:48,0.92570000,250.99748,b,l
2025-03-06 18:16:48,0.92570000,0.00252,b,l
2025-03-06 18:16:48,0.92570000,250.99748,b,l
2025-03-06 18:16:48,0.92570000,0.00252,b,l
2025-03-06 18:16:48,0.92570000,250.99748,b,l
2025-03-06 18:16:48,0.92570000,0.00252,b,l
2025-03-06 18:16:49,0.92570000,250.99748,b,l
2025-03-06 18:16:49,0.92570000,0.00252,b,l
2025-03-06 19:05:52,0.92660000,251.00000,b,l
2025-03-06 19:05:52,0.92510000,251.00000,b,l
2025-03-06 19:05:53,0.92160000,250.99748,b,l
2025-03-06 19:05:53,0.92160000,0.00252,b,l
2025-03-06 19:05:53,0.92230000,250.99749,b,l
2025-03-06 19:05:53,0.92230000,0.00251,b,l
2025-03-06 19:05:53,0.92020000,250.99749,b,l
2025-03-06 19:05:53,0.92020000,0.00251,b,l
2025-03-06 19:05:53,0.92040000,250.99749,b,l
2025-03-06 19:05:53,0.92040000,0.00251,b,l
2025-03-06 19:05:54,0.91920000,250.99749,b,l
2025-03-06 19:05:54,0.91920000,0.00251,b,l
2025-03-06 19:05:54,0.92060000,250.99749,b,l
2025-03-06 19:05:54,0.92060000,0.00251,b,l
2025-03-06 19:05:54,0.92650000,250.99749,b,l
2025-03-06 19:05:54,0.92650000,0.00251,b,l
2025-03-06 19:06:17,0.92740000,14.27439,b,l
2025-03-06 19:09:15,0.92710000,251.00000,b,l
2025-03-06 19:09:15,0.92690000,250.99749,b,l
2025-03-06 19:09:15,0.92690000,0.00251,b,l
2025-03-06 19:09:15,0.92680000,251.00000,b,l
2025-03-06 19:09:16,0.92670000,251.00000,b,l
2025-03-06 19:09:16,0.92670000,251.00000,b,l
2025-03-06 19:09:16,0.92670000,251.00000,b,l
2025-03-06 19:09:16,0.92670000,250.99749,b,l
2025-03-06 19:09:16,0.92670000,0.00251,b,l
2025-03-06 19:32:55,0.94230000,250.74398,s,l
2025-03-06 19:32:56,0.93040000,250.74398,s,l
2025-03-06 19:32:56,0.93040000,0.25602,s,l
2025-03-06 19:41:49,0.92130000,250.99748,b,l
2025-03-06 19:41:49,0.92130000,0.00252,b,l
2025-03-06 19:41:50,0.92310000,250.99749,b,l
2025-03-06 19:41:50,0.92310000,0.00251,b,l
2025-03-06 19:41:51,0.91610000,250.99749,b,l
2025-03-06 19:41:51,0.91610000,0.00251,b,l
2025-03-06 19:41:52,0.92530000,250.99749,b,l
2025-03-06 19:41:52,0.92530000,0.00251,b,l
2025-03-06 19:41:52,0.92230000,250.99749,b,l
2025-03-06 19:41:52,0.92230000,0.00251,b,l
2025-03-06 19:41:53,0.92500000,251.00000,b,l
2025-03-06 19:41:53,0.92240000,250.99749,b,l
2025-03-06 19:41:53,0.92240000,0.00251,b,l
2025-03-06 19:41:53,0.92500000,251.00000,b,l
2025-03-06 19:41:53,0.92260000,250.99749,b,l
2025-03-06 19:41:53,0.92260000,0.00251,b,l
2025-03-06 19:41:58,0.91910000,250.99749,b,l
2025-03-06 19:41:58,0.91910000,0.00251,b,l
2025-03-06 19:41:58,0.92390000,250.99749,b,l
2025-03-06 19:41:58,0.92390000,0.00251,b,l
2025-03-06 19:41:58,0.91740000,251.00000,b,l
2025-03-06 19:41:59,0.92340000,251.00000,b,l
2025-03-06 19:41:59,0.91730000,188.25523,b,l
2025-03-06 19:41:59,0.91730000,57.13401,b,l
2025-03-06 19:41:59,0.91730000,5.61076,b,l
2025-03-06 19:41:59,0.92360000,251.00000,b,l
2025-03-06 19:41:59,0.91760000,251.00000,b,l
2025-03-06 19:42:00,0.92400000,251.00000,b,l
2025-03-06 19:42:00,0.91790000,251.00000,b,l
2025-03-06 19:42:00,0.92440000,251.00000,b,l
2025-03-06 19:42:53,0.92840000,6.20149,s,l
2025-03-06 19:42:53,0.92840000,6.20183,s,l
2025-03-06 19:42:53,0.92840000,6.64448,s,l
2025-03-06 19:42:53,0.92840000,231.95220,s,l
2025-03-06 19:44:04,0.93170000,250.74398,s,l
2025-03-06 19:44:12,0.93160000,250.74398,s,l
2025-03-06 19:44:12,0.93160000,0.25602,s,l
2025-03-06 19:48:04,0.93390000,250.74398,s,l
2025-03-06 19:48:04,0.93390000,0.25602,s,l
2025-03-06 19:48:38,0.93530000,250.74398,s,l
2025-03-06 19:48:38,0.93530000,0.25602,s,l
2025-03-06 19:49:04,0.92940000,250.74398,s,l
2025-03-06 19:49:04,0.92940000,0.25602,s,l
2025-03-06 19:49:05,0.92910000,251.00000,s,l
2025-03-06 19:49:05,0.93300000,250.49574,s,l
2025-03-06 19:49:05,0.93300000,0.50426,s,l
2025-03-06 19:49:05,0.92870000,251.00000,s,l
2025-03-06 19:49:06,0.93260000,250.49574,s,l
2025-03-06 19:49:06,0.93260000,0.50426,s,l
2025-03-06 19:49:06,0.92720000,250.74398,s,l
2025-03-06 19:49:06,0.92720000,0.25602,s,l
2025-03-06 19:49:06,0.93170000,250.49574,s,l
2025-03-06 19:49:06,0.93170000,0.50426,s,l
2025-03-06 19:49:06,0.92640000,251.00000,s,l
2025-03-06 19:49:07,0.92930000,250.74398,s,l
2025-03-06 19:49:07,0.92930000,0.25602,s,l
2025-03-06 19:51:03,0.93330000,250.74398,s,l
2025-03-06 19:51:03,0.93330000,0.25602,s,l
2025-03-06 19:51:03,0.93270000,250.49574,s,l
2025-03-06 19:51:03,0.93270000,0.50426,s,l
2025-03-06 19:51:04,0.93320000,251.00000,s,l
2025-03-06 19:54:20,0.91960000,251.00000,b,l
2025-03-06 19:54:20,0.91960000,250.99749,b,l
2025-03-06 19:54:20,0.91960000,0.00251,b,l
2025-03-06 19:54:21,0.91390000,251.00000,b,l
2025-03-06 19:54:21,0.91960000,250.99749,b,l
2025-03-06 19:54:21,0.91960000,0.00251,b,l
2025-03-06 19:54:21,0.91960000,251.00000,b,l
2025-03-06 19:54:22,0.92320000,251.00000,b,l
2025-03-06 19:54:22,0.91580000,250.99749,b,l
2025-03-06 19:54:22,0.91580000,0.00251,b,l
2025-03-06 19:54:22,0.92420000,250.99749,b,l
2025-03-06 19:54:22,0.92420000,0.00251,b,l
2025-03-06 19:54:22,0.91630000,250.99749,b,l
2025-03-06 19:54:22,0.91630000,0.00251,b,l
2025-03-06 19:54:23,0.92450000,251.00000,b,l
2025-03-06 19:54:23,0.91960000,251.00000,b,l
2025-03-06 19:54:27,0.92500000,250.99749,b,l
2025-03-06 19:54:27,0.92500000,0.00251,b,l
2025-03-06 19:54:28,0.91670000,250.99749,b,l
2025-03-06 19:54:28,0.91670000,0.00251,b,l
2025-03-06 19:54:29,0.92920000,11.75761,s,l
2025-03-06 19:54:29,0.92920000,238.66554,s,l
2025-03-06 19:54:29,0.92920000,0.57685,s,l
2025-03-06 19:54:29,0.93310000,250.74398,s,l
2025-03-06 19:54:29,0.93310000,0.25602,s,l
2025-03-06 19:54:30,0.93280000,238.17238,s,l
2025-03-06 19:54:30,0.93280000,12.82761,s,l
2025-03-06 19:54:30,0.93710000,250.68665,s,l
2025-03-06 19:54:30,0.93910000,250.76153,s,l
2025-03-06 19:54:31,0.94000000,250.76537,s,l
2025-03-06 19:54:31,0.94030000,250.76715,s,l
2025-03-06 19:54:32,0.94040000,250.76817,s,l
2025-03-06 19:54:32,0.94040000,250.76907,s,l
2025-03-06 19:54:33,0.94030000,250.76907,s,l
2025-03-06 19:54:34,0.92990000,250.76907,s,l
2025-03-06 19:54:35,0.92980000,250.74946,s,l
2025-03-06 20:13:56,0.92830000,250.74398,s,l
2025-03-06 20:13:56,0.92830000,0.25602,s,l
2025-03-06 20:13:56,0.92820000,120.64944,s,l
2025-03-06 20:13:56,0.92820000,130.35056,s,l
2025-03-06 20:13:57,0.92970000,6.21355,s,l
2025-03-06 20:13:57,0.92970000,244.78645,s,l
2025-03-06 20:13:57,0.92790000,251.00000,s,l
2025-03-06 20:13:57,0.92940000,251.00000,s,l
2025-03-06 20:15:19,0.92040000,251.00000,b,l
2025-03-06 20:15:19,0.92320000,250.99748,b,l
2025-03-06 20:15:19,0.92320000,0.00252,b,l
2025-03-06 20:15:22,0.92550000,250.99748,b,l
2025-03-06 20:15:22,0.92550000,0.00252,b,l
2025-03-06 20:15:23,0.92230000,250.99748,b,l
2025-03-06 20:15:23,0.92230000,0.00252,b,l
2025-03-06 20:15:29,0.92570000,251.00000,b,l
2025-03-06 20:15:30,0.92570000,251.00000,b,l
2025-03-06 20:18:50,0.92830000,6.68664,s,l
2025-03-06 20:18:50,0.92830000,241.21134,s,l
2025-03-06 20:18:50,0.92830000,3.10202,s,l
2025-03-06 20:20:55,0.93640000,250.74398,s,l
2025-03-06 20:20:55,0.93640000,0.25602,s,l
2025-03-06 20:20:55,0.93140000,250.74398,s,l
2025-03-06 20:20:55,0.93140000,0.25602,s,l
2025-03-06 20:20:56,0.93630000,250.74398,s,l
2025-03-06 20:20:56,0.93630000,0.25602,s,l
2025-03-06 20:20:56,0.92850000,251.00000,s,l
2025-03-06 20:21:06,0.92960000,250.74398,s,l
2025-03-06 20:21:06,0.92960000,0.25602,s,l
2025-03-06 21:17:09,0.92360000,251.00000,b,l
2025-03-06 21:17:10,0.92370000,251.00000,b,l
2025-03-06 21:17:10,0.92110000,251.00000,b,l
2025-03-06 21:17:10,0.92400000,251.00000,b,l
2025-03-06 21:17:10,0.92140000,251.00000,b,l
2025-03-06 21:17:11,0.92500000,251.00000,b,l
2025-03-06 21:17:11,0.92210000,250.99748,b,l
2025-03-06 21:17:11,0.92210000,0.00252,b,l
2025-03-06 21:17:12,0.92430000,250.99749,b,l
2025-03-06 21:17:12,0.92430000,0.00251,b,l
2025-03-06 21:17:12,0.92200000,251.00000,b,l
2025-03-06 21:17:12,0.92630000,251.00000,b,l
2025-03-06 21:17:12,0.92320000,250.99749,b,l
2025-03-06 21:17:12,0.92320000,0.00251,b,l
2025-03-06 21:17:13,0.92720000,251.00000,b,l
2025-03-06 21:17:13,0.92380000,250.99749,b,l
2025-03-06 21:17:13,0.92380000,0.00251,b,l
2025-03-06 21:17:14,0.92490000,250.99749,b,l
2025-03-06 21:17:14,0.92490000,0.00251,b,l
2025-03-06 21:17:14,0.92490000,250.99749,b,l
2025-03-06 21:17:14,0.92490000,0.00251,b,l
2025-03-06 21:17:16,0.92500000,250.99748,b,l
2025-03-06 21:17:16,0.92500000,0.00252,b,l
2025-03-06 21:17:16,0.92310000,251.00000,b,l
2025-03-06 21:17:19,0.92520000,251.00000,b,l
2025-03-06 21:17:20,0.92530000,251.00000,b,l
2025-03-06 22:06:49,0.92160000,250.99749,b,l
2025-03-06 22:06:49,0.92160000,0.00251,b,l
2025-03-06 22:06:51,0.92840000,43.25668,s,l
2025-03-06 22:06:51,0.92840000,207.74331,s,l
2025-03-06 22:06:52,0.92850000,43.25668,s,l
2025-03-06 22:06:52,0.92850000,207.74331,s,l
2025-03-06 22:06:52,0.92900000,6.75721,s,l
2025-03-06 22:06:52,0.92900000,183.84761,s,l
2025-03-06 22:06:52,0.92900000,60.39518,s,l
2025-03-06 22:06:54,0.92830000,251.00000,s,l
2025-03-06 22:06:55,0.92890000,182.84827,s,l
2025-03-06 22:06:55,0.92890000,68.15173,s,l
2025-03-06 22:06:55,0.92920000,251.00000,s,l
2025-03-06 22:06:55,0.92410000,250.99749,b,l
2025-03-06 22:06:55,0.92410000,0.00251,b,l
2025-03-06 22:06:56,0.92810000,89.90052,s,l
2025-03-06 22:06:56,0.92810000,161.09947,s,l
2025-03-06 22:07:04,0.92410000,250.99749,b,l
2025-03-06 22:07:04,0.92410000,0.00251,b,l
2025-03-06 22:30:55,0.92850000,34.85998,s,l
2025-03-06 22:30:55,0.92850000,158.34968,s,l
2025-03-06 22:30:55,0.92850000,57.79034,s,l
2025-03-06 22:30:55,0.92920000,6.73227,s,l
2025-03-06 22:30:55,0.92920000,244.26772,s,l
2025-03-06 22:30:56,0.92040000,251.00000,b,l
2025-03-06 22:30:56,0.94350000,250.74398,s,l
2025-03-06 22:30:56,0.94350000,0.25602,s,l
2025-03-06 22:30:56,0.93930000,250.74398,s,l
2025-03-06 22:30:56,0.93930000,0.25602,s,l
2025-03-06 22:30:57,0.92150000,250.99749,b,l
2025-03-06 22:30:57,0.92150000,0.00251,b,l
2025-03-06 22:30:57,0.93450000,250.74398,s,l
2025-03-06 22:30:57,0.93450000,0.25602,s,l
2025-03-06 22:30:58,0.93520000,251.00000,s,l
2025-03-06 22:30:58,0.92150000,250.99749,b,l
2025-03-06 22:30:58,0.92150000,0.00251,b,l
2025-03-06 22:30:59,0.93460000,250.74398,s,l
2025-03-06 22:30:59,0.93460000,0.25602,s,l
2025-03-06 22:30:59,0.92150000,250.99749,b,l
2025-03-06 22:30:59,0.92150000,0.00251,b,l
2025-03-06 22:31:00,0.94020000,250.74398,s,l
2025-03-06 22:31:00,0.94020000,0.25602,s,l
2025-03-06 22:31:00,0.92300000,250.99749,b,l
2025-03-06 22:31:00,0.92300000,0.00251,b,l
2025-03-06 22:31:01,0.92850000,251.00000,s,l
2025-03-06 22:31:01,0.93570000,251.00000,s,l
2025-03-06 22:31:02,0.92330000,250.99749,b,l
2025-03-06 22:31:02,0.92330000,0.00251,b,l
2025-03-06 22:31:02,0.93550000,251.00000,s,l
2025-03-06 22:31:03,0.91980000,251.00000,b,l
2025-03-06 22:31:03,0.92850000,251.00000,s,l
2025-03-06 22:31:03,0.92900000,251.00000,s,l
2025-03-06 22:31:04,0.92850000,251.00000,s,l
2025-03-06 22:31:04,0.91950000,251.00000,b,l
2025-03-06 22:31:04,0.93370000,251.00000,s,l
2025-03-06 22:31:05,0.92080000,251.00000,b,l
2025-03-06 22:31:06,0.93980000,6.67110,s,l
2025-03-06 22:31:06,0.93980000,6.65675,s,l
2025-03-06 22:31:06,0.93980000,237.67214,s,l
2025-03-06 22:31:06,0.94030000,251.00000,s,l
2025-03-06 22:31:06,0.92850000,217.36032,s,l
2025-03-06 22:31:06,0.92850000,33.63967,s,l
2025-03-06 22:31:07,0.92850000,251.00000,s,l
2025-03-06 22:31:07,0.93680000,251.00000,s,l
2025-03-06 22:31:08,0.92850000,251.00000,s,l
2025-03-06 22:31:09,0.92850000,251.00000,s,l
2025-03-06 22:31:09,0.92850000,251.00000,s,l
2025-03-06 22:31:10,0.92850000,251.00000,s,l
2025-03-06 22:31:10,0.92850000,251.00000,s,l
2025-03-06 22:32:15,0.92850000,12.22846,s,l
2025-03-06 22:32:15,0.92850000,238.77153,s,l
2025-03-06 22:32:15,0.92840000,251.00000,s,l
2025-03-06 22:32:16,0.91810000,250.99749,b,l
2025-03-06 22:32:16,0.91810000,0.00251,b,l
2025-03-06 22:32:16,0.93780000,250.74398,s,l
2025-03-06 22:32:16,0.93780000,0.25602,s,l
2025-03-06 22:32:17,0.92060000,250.99748,b,l
2025-03-06 22:32:17,0.92060000,0.00252,b,l
2025-03-06 22:32:17,0.94030000,250.74398,s,l
2025-03-06 22:32:17,0.94030000,0.25602,s,l
2025-03-06 22:32:19,0.92830000,205.17537,s,l
2025-03-06 22:32:19,0.92830000,45.82462,s,l
2025-03-06 22:32:19,0.94710000,6.62324,s,l
2025-03-06 22:32:19,0.94710000,229.74817,s,l
2025-03-06 22:32:19,0.94710000,14.62859,s,l
2025-03-06 22:32:19,0.93740000,240.14860,s,l
2025-03-06 22:32:19,0.93740000,10.85140,s,l
2025-03-06 22:32:20,0.91810000,250.99749,b,l
2025-03-06 22:32:20,0.91810000,0.00251,b,l
2025-03-06 22:32:20,0.93280000,238.77461,s,l
2025-03-06 22:32:20,0.93280000,12.22539,s,l
2025-03-06 22:32:21,0.92810000,250.95110,s,l
2025-03-06 22:32:21,0.94680000,250.74398,s,l
2025-03-06 22:32:21,0.94680000,0.25602,s,l
2025-03-06 22:32:22,0.92300000,250.99749,b,l
2025-03-06 22:32:22,0.92300000,0.00251,b,l
2025-03-06 22:32:22,0.94180000,250.74398,s,l
2025-03-06 22:32:22,0.94180000,0.25602,s,l
2025-03-06 22:32:23,0.94140000,250.74398,s,l
2025-03-06 22:32:23,0.94140000,0.25602,s,l
2025-03-06 22:32:24,0.92470000,250.99748,b,l
2025-03-06 22:32:24,0.92470000,0.00252,b,l
2025-03-06 22:32:24,0.93550000,250.74398,s,l
2025-03-06 22:32:24,0.93550000,0.25602,s,l
2025-03-06 22:32:25,0.92010000,251.00000,b,l
2025-03-06 22:32:26,0.94660000,250.74398,s,l
2025-03-06 22:32:26,0.94660000,0.25602,s,l
2025-03-06 22:32:27,0.91950000,251.00000,b,l
2025-03-06 22:38:47,0.92870000,6.69997,b,l
2025-03-06 23:00:39,0.93330000,250.74398,s,l
2025-03-06 23:00:39,0.93330000,0.25602,s,l
2025-03-06 23:00:39,0.93320000,155.68998,s,l
2025-03-06 23:00:39,0.93320000,95.31001,s,l
2025-03-06 23:00:39,0.92940000,250.74398,s,l
2025-03-06 23:00:39,0.92940000,0.25602,s,l
2025-03-06 23:00:40,0.93300000,250.74398,s,l
2025-03-06 23:00:40,0.93300000,0.25602,s,l
2025-03-06 23:00:40,0.92810000,111.24557,s,l
2025-03-06 23:00:40,0.92810000,139.75442,s,l
2025-03-06 23:03:49,0.93840000,250.74398,s,l
2025-03-06 23:03:49,0.93840000,0.25602,s,l
2025-03-06 23:03:50,0.93200000,250.74398,s,l
2025-03-06 23:03:50,0.93200000,0.25602,s,l
2025-03-06 23:03:50,0.93190000,250.74398,s,l
2025-03-06 23:03:50,0.93190000,0.25602,s,l
2025-03-06 23:03:50,0.92870000,250.74398,s,l
2025-03-06 23:03:50,0.92870000,0.25602,s,l
2025-03-07 01:54:33,0.93580000,156.54901,s,l
2025-03-07 01:54:33,0.93580000,527.81021,s,l
2025-03-07 01:54:33,0.93580000,337.03162,s,l
2025-03-07 01:54:33,0.93580000,707.88132,s,l
2025-03-07 01:54:33,0.93580000,851.22339,s,l
2025-03-07 01:54:33,0.93580000,544.50445,s,l
2025-03-07 01:54:33,0.93350000,4616.00050,s,l
2025-03-07 01:57:42,0.92100000,3124.96875,b,l
2025-03-07 01:57:42,0.92100000,0.03125,b,l
2025-03-07 01:57:42,0.92330000,6250.00000,b,l
2025-03-07 01:57:43,0.92590000,3124.96875,b,l
2025-03-07 01:57:43,0.92590000,0.03125,b,l
2025-03-07 02:03:38,0.91830000,6249.93750,b,l
2025-03-07 02:03:38,0.91830000,0.06250,b,l
2025-03-07 02:03:38,0.92060000,9375.00000,b,l
2025-03-07 02:03:38,0.92290000,602.69346,b,l
2025-03-07 02:03:38,0.92290000,10834.32668,b,l
2025-03-07 02:03:38,0.92290000,1062.97986,b,l
2025-03-07 02:03:38,0.92520000,9732.74471,b,l
2025-03-07 02:03:38,0.92520000,5892.25528,b,l
2025-03-07 02:09:58,0.92510000,10.81431,b,l
2025-03-07 05:59:40,0.92420000,49.71000,s,m
2025-03-07 13:30:42,0.93710000,2839.96335,s,l
2025-03-07 13:30:42,0.93710000,1254.33365,s,l
2025-03-07 13:30:42,0.93710000,2368.26714,s,l
2025-03-07 13:30:42,0.93710000,1437.50398,s,l
2025-03-07 13:30:42,0.93710000,2100.93188,s,l
2025-03-07 13:30:42,0.93470000,3346.57139,s,l
2025-03-07 13:30:42,0.93470000,4986.39592,s,l
2025-03-07 13:30:42,0.93470000,1042.03269,s,l
2025-03-07 13:30:42,0.93240000,4155.71049,s,l
2025-03-07 13:30:42,0.93240000,5628.73011,s,l
2025-03-07 13:30:42,0.93240000,2715.55940,s,l
2025-03-07 13:30:42,0.93010000,3047.01909,s,l
2025-03-07 13:30:42,0.93010000,78.98091,s,l
2025-03-07 13:30:46,0.93700000,2377.02777,s,l
2025-03-07 13:30:46,0.93700000,1258.97366,s,l
2025-03-07 13:30:46,0.93700000,1456.94284,s,l
2025-03-07 13:30:46,0.93700000,2734.47349,s,l
2025-03-07 13:30:46,0.93700000,2173.58224,s,l
2025-03-07 13:46:30,0.92460000,709.65052,s,l
2025-03-07 13:46:30,0.92460000,1476.07703,s,l
2025-03-07 13:46:30,0.92460000,338.96217,s,l
2025-03-07 13:46:30,0.92460000,7476.31028,s,l
2025-03-07 13:46:30,0.92220000,1815.03918,s,l
2025-03-07 13:46:30,0.92220000,46.47699,s,l
2025-03-07 13:46:30,0.92220000,7513.48381,s,l
2025-03-07 14:05:44,0.92290000,49.71001,b,l
2025-03-07 14:05:44,0.92300000,1514.62669,b,l
2025-03-07 14:48:24,0.93150000,2698.67453,s,l
2025-03-07 14:48:24,0.93150000,2698.67453,s,l
2025-03-07 14:48:24,0.93150000,2698.67453,s,l
2025-03-07 14:48:24,0.93150000,1904.97641,s,l
2025-03-07 14:48:24,0.92920000,9374.99998,s,l
2025-03-07 14:49:09,0.91500000,114.03475,s,l
2025-03-07 15:47:30,0.91710000,11.43897,s,l
2025-03-07 15:47:30,0.91700000,26.56413,s,l
2025-03-07 18:03:25,0.92140000,10000.89998,b,l
2025-03-07 18:03:25,0.92140000,0.10002,b,l
2025-03-08 15:44:30,0.92300000,10000.89999,b,l
2025-03-08 15:44:30,0.92300000,0.10001,b,l
2025-03-09 04:29:59,0.90100000,3.04470,s,l
2025-03-09 12:03:34,0.91950000,9999.89990,b,l
2025-03-09 12:03:34,0.91950000,0.10000,b,l
2025-03-09 13:45:30,0.92020000,10000.89999,b,l
2025-03-09 13:45:30,0.92020000,0.10001,b,l
2025-03-09 13:45:31,0.92250000,1249.99999,b,l
2025-03-10 06:55:46,0.89840000,24.66900,s,l
2025-03-10 17:44:26,0.89830000,29.00000,s,l
2025-03-10 20:59:37,0.90200000,16.77320,s,l
2025-03-11 21:51:04,0.91500000,6.68363,s,l
2025-03-11 21:52:12,0.91500000,6.68972,s,l
2025-03-11 22:10:44,0.91500000,6.70180,s,l
2025-03-12 02:27:13,0.91560000,10.76882,s,l
2025-03-12 15:47:57,0.91500000,1562.78683,s,l
2025-03-12 16:34:42,0.89020000,30.90000,s,l
2025-03-12 18:02:44,0.91800000,21.25510,b,l
2025-03-12 21:31:49,0.91770000,13.49427,s,l
2025-03-12 21:31:50,0.91770000,37.12483,s,l
2025-03-12 21:31:50,0.91760000,302.41192,s,l
2025-03-12 21:31:50,0.91760000,302.78453,s,l
2025-03-12 21:31:50,0.91760000,303.15761,s,l
2025-03-12 21:31:50,0.91760000,303.53115,s,l
2025-03-12 21:31:50,0.91760000,303.90516,s,l
2025-03-12 21:31:50,0.91760000,304.27963,s,l
2025-03-12 21:31:50,0.91760000,304.65455,s,l
2025-03-12 21:31:50,0.91760000,305.02994,s,l
2025-03-12 21:31:50,0.91760000,305.40579,s,l
2025-03-12 21:31:50,0.91760000,74.78467,s,l
2025-03-12 21:33:08,0.91980000,9.64489,b,l
2025-03-12 22:10:03,0.92060000,698.22428,b,l
2025-03-12 22:10:03,0.92060000,698.22428,b,l
2025-03-12 22:10:03,0.92060000,30.68274,b,l
2025-03-12 22:10:03,0.92060000,30.75034,b,l
2025-03-12 22:10:03,0.92060000,30.84432,b,l
2025-03-12 22:10:03,0.92060000,30.91227,b,l
2025-03-12 22:10:03,0.92060000,30.98038,b,l
2025-03-12 22:10:03,0.92060000,13.44086,b,l
2025-03-12 22:10:03,0.92240000,31.10562,b,l
2025-03-12 22:10:03,0.92240000,31.20051,b,l
2025-03-12 22:10:03,0.92240000,31.26941,b,l
2025-03-12 22:10:03,0.92240000,24.51699,b,l
2025-03-12 22:10:03,0.92240000,7.38118,b,l
2025-03-13 21:11:32,0.90510000,3.96370,s,l
2025-03-13 21:55:37,0.91320000,6.37755,s,l
2025-03-14 01:58:19,0.92400000,6.37755,b,l
2025-03-14 10:40:10,0.91590000,10.04129,s,l
2025-03-14 10:40:11,0.91590000,5.32856,s,l
2025-03-14 10:40:11,0.91590000,12.02352,s,l
2025-03-14 10:40:12,0.91590000,5.30873,s,l
2025-03-14 10:40:12,0.91590000,5.29108,s,l
2025-03-14 10:40:13,0.91590000,5.25069,s,l
2025-03-14 10:40:17,0.91590000,6.70015,s,l
2025-03-14 10:40:21,0.91590000,6.69779,s,l
2025-03-14 10:40:25,0.91590000,6.69530,s,l
2025-03-14 10:40:29,0.91730000,6.35404,s,l
2025-03-14 10:40:33,0.91800000,6.67870,s,l
2025-03-14 10:40:37,0.91810000,6.67604,s,l
2025-03-14 14:34:04,0.91980000,50.61910,b,l
2025-03-15 08:22:50,0.90770000,10.00000,s,l
2025-03-15 17:46:14,0.90300000,11.35230,s,l
2025-03-16 05:47:40,0.91890000,13.96369,s,l
2025-03-17 15:35:49,0.90620000,5.24690,s,l
2025-03-17 17:18:01,0.90680000,16.95520,s,l
2025-03-18 06:45:18,0.89730000,201.28120,s,l
2025-03-18 19:37:58,0.89830000,4.81340,s,l
2025-03-19 05:33:34,0.91600000,5.00000,b,m
2025-03-21 00:41:48,0.92270000,10.57340,b,l
2025-03-21 00:49:17,0.91890000,26.80380,s,l
2025-03-21 06:39:36,0.91600000,15.37070,s,l
2025-03-23 22:10:51,0.89000000,11.51690,s,l
2025-03-25 03:37:53,0.92690000,10.52550,b,l
2025-03-25 11:46:08,0.92300000,113.63630,s,l
2025-03-25 12:25:37,0.92340000,36.80960,s,l
2025-03-26 15:46:35,0.92610000,175.18230,s,l
2025-03-27 22:28:45,0.92490000,10.57340,s,l
2025-03-28 08:56:24,0.92650000,6.42368,s,l
2025-03-28 10:17:31,0.92730000,1563.54795,s,l
2025-03-29 19:00:07,0.92300000,35.67180,s,l
2025-03-30 13:32:20,0.92320000,5383.51382,s,l
2025-03-30 21:39:50,0.92340000,9.26530,s,l
2025-03-30 21:40:11,0.92620000,17.52985,b,l
2025-03-30 21:48:33,0.92620000,9.32751,b,l
2025-03-30 21:48:34,0.92700000,8.17641,b,l
2025-03-30 21:48:35,0.92700000,9.31419,b,l
2025-03-30 21:48:35,0.92700000,17.47949,b,l
2025-03-30 21:48:37,0.92700000,9.30729,b,l
2025-03-30 21:48:39,0.92620000,9.31023,b,l
2025-03-30 21:48:39,0.92620000,8.96794,b,l
2025-03-30 21:48:39,0.92620000,7.75988,b,l
2025-03-30 21:48:40,0.92700000,6.69335,b,l
2025-03-30 21:48:40,0.92700000,13.12261,b,l
2025-03-30 21:48:43,0.92620000,6.51787,b,l
2025-03-30 21:48:47,0.92620000,6.53464,b,l
2025-03-30 21:48:51,0.92620000,6.52271,b,l
2025-03-30 21:48:55,0.92620000,6.53964,b,l
2025-03-30 21:48:59,0.92620000,6.52756,b,l
2025-03-30 21:49:03,0.92620000,6.54449,b,l
2025-03-30 21:59:50,0.92370000,11.19223,s,l
2025-03-30 21:59:51,0.92370000,6.61670,s,l
2025-03-30 22:07:44,0.92700000,5.70482,b,l
2025-03-30 22:07:46,0.92690000,6.40677,b,l
2025-03-30 22:07:51,0.92700000,6.47913,b,l
2025-03-30 22:07:55,0.92690000,6.48476,b,l
2025-03-30 22:07:59,0.92690000,6.48784,b,l
2025-03-30 22:08:07,0.92690000,6.49771,b,l
2025-03-30 22:08:09,0.92700000,5.63015,b,l
2025-03-30 22:08:11,0.92690000,6.50023,b,l
2025-03-31 01:12:52,0.92430000,12.05473,b,l
2025-03-31 02:46:10,0.92420000,9.73288,b,l
2025-03-31 03:00:37,0.92440000,7.14525,b,l
2025-03-31 03:00:43,0.92440000,6.25515,b,l
2025-03-31 03:14:01,0.92460000,5.70473,b,l
2025-03-31 05:42:55,0.92430000,6.79206,b,l
2025-03-31 05:42:55,0.92430000,6.02095,b,l
2025-03-31 05:43:03,0.92430000,6.50208,b,l
2025-03-31 05:43:07,0.92430000,6.50236,b,l
2025-03-31 05:43:11,0.92430000,6.50479,b,l
2025-03-31 05:43:15,0.92430000,6.50576,b,l
2025-03-31 05:43:19,0.92430000,6.50834,b,l
2025-03-31 05:43:23,0.92430000,6.51069,b,l
2025-03-31 05:43:27,0.92430000,6.51328,b,l
2025-03-31 05:43:31,0.92440000,6.51492,b,l
2025-03-31 05:43:35,0.92440000,6.51419,b,l
2025-03-31 05:43:39,0.92440000,6.51744,b,l
2025-03-31 05:43:43,0.92440000,6.52041,b,l
2025-03-31 05:43:47,0.92440000,6.52328,b,l
2025-03-31 05:45:27,0.92440000,6.50500,b,l
2025-03-31 05:45:31,0.92450000,6.50676,b,l
2025-03-31 05:45:35,0.92450000,6.51154,b,l
2025-03-31 05:51:55,0.92440000,6.23002,b,l
2025-03-31 05:51:56,0.92500000,5.78957,b,l
2025-03-31 05:51:59,0.92450000,5.36820,b,l
2025-03-31 05:51:59,0.92450000,6.44133,b,l
2025-03-31 05:52:03,0.92450000,6.51103,b,l
2025-03-31 05:52:07,0.92510000,6.51007,b,l
2025-03-31 05:52:15,0.92450000,6.51428,b,l
2025-03-31 05:52:19,0.92450000,6.51669,b,l
2025-03-31 05:52:23,0.92450000,6.51912,b,l
2025-03-31 05:52:27,0.92450000,6.52156,b,l
2025-03-31 05:52:31,0.92450000,6.52399,b,l
2025-03-31 05:52:35,0.92450000,6.52669,b,l
2025-03-31 05:52:39,0.92450000,6.52936,b,l
2025-03-31 05:52:43,0.92460000,6.53094,b,l
2025-03-31 13:23:37,0.92300000,30.00000,s,l
2025-04-01 12:41:10,0.92940000,5.81959,b,l
2025-04-01 13:05:14,0.92930000,6.66832,b,l
2025-04-01 13:07:14,0.92940000,5.81711,b,l
2025-04-02 21:44:24,0.92610000,8.47738,b,l
2025-04-02 22:55:54,0.92530000,9.85821,b,l
2025-04-02 22:55:55,0.92530000,11.86751,b,l
2025-04-02 23:03:40,0.92160000,11.63888,s,l
2025-04-02 23:04:03,0.92060000,11.68119,s,l
2025-04-02 23:31:52,0.91760000,10.68107,s,l
2025-04-03 10:12:45,0.90270000,1556.45018,b,l
2025-04-03 22:24:40,0.90680000,1.08650,b,l
2025-04-05 13:25:06,0.91150000,6.63555,s,l
2025-04-05 19:24:37,0.91150000,45.94321,s,l
2025-04-06 18:19:27,0.91060000,735.75826,s,l
2025-04-06 18:44:27,0.91060000,7.94266,s,l
2025-04-06 18:50:54,0.91060000,8.67433,s,l
2025-04-06 21:00:01,0.91490000,2844.28498,s,l
2025-04-06 21:00:01,0.91490000,2844.28498,s,l
2025-04-06 21:00:01,0.91490000,154.15665,s,l
2025-04-06 21:00:01,0.91490000,2844.28498,s,l
2025-04-06 21:00:01,0.91490000,560.61316,s,l
2025-04-06 21:05:04,0.91450000,123.26932,b,l
2025-04-07 07:39:29,0.89450000,11.07831,s,l
2025-04-08 02:46:06,0.91120000,6.40748,s,l
2025-04-08 03:57:11,0.91150000,6.38654,s,l
2025-04-08 06:33:19,0.91120000,2.27005,s,l
2025-04-09 12:43:59,0.90140000,3.75240,s,l
2025-04-09 17:18:45,0.90500000,6.24538,s,l
2025-04-09 17:33:32,0.89000000,28.00000,s,l
2025-04-10 12:30:11,0.89980000,129.09567,s,l
2025-04-10 16:17:18,0.89290000,43.87903,s,l
2025-04-10 17:15:40,0.89140000,5.00000,s,l
2025-04-10 23:52:21,0.89000000,5.42692,s,l
2025-04-11 10:42:18,0.88240000,8.67753,b,l
2025-04-13 21:50:33,0.88480000,6.64792,b,l
2025-04-14 18:40:15,0.88300000,9.94888,b,l
2025-04-14 18:40:16,0.88300000,9.72967,b,l
2025-04-15 00:12:27,0.86780000,6.46460,s,l
2025-04-15 00:12:31,0.86790000,5.68569,s,l
2025-04-15 00:12:35,0.86790000,6.46038,s,l
2025-04-15 00:12:39,0.86790000,6.45811,s,l
2025-04-15 00:12:43,0.86790000,6.45580,s,l
2025-04-19 23:17:10,0.87670000,6.41180,s,l
2025-04-19 23:17:14,0.87670000,5.00118,s,l
2025-04-19 23:17:18,0.87670000,6.43803,s,l
2025-04-19 23:17:22,0.87670000,6.83520,s,l
2025-04-20 10:48:02,0.87730000,6.76358,s,l
2025-04-20 10:48:06,0.87730000,6.76120,s,l
2025-04-20 10:48:10,0.87730000,6.75877,s,l
2025-04-20 10:48:14,0.87730000,6.75638,s,l
2025-04-20 10:48:18,0.87730000,6.75389,s,l
2025-04-20 17:21:31,0.87780000,6.38283,s,l
2025-04-20 17:21:39,0.87780000,6.80355,s,l
2025-04-20 17:21:43,0.87780000,6.80698,s,l
2025-04-20 17:21:47,0.87780000,6.79867,s,l
2025-04-20 17:21:51,0.87780000,6.79618,s,l
2025-04-20 17:21:55,0.87780000,6.79366,s,l
2025-04-20 17:21:59,0.87780000,6.79111,s,l
2025-04-22 00:58:36,0.87170000,6.53321,b,l
2025-04-22 01:24:40,0.87160000,6.11876,b,l
2025-04-22 01:24:44,0.87160000,6.59330,b,l
2025-04-22 01:24:48,0.87160000,6.59583,b,l
2025-04-22 01:24:56,0.87160000,6.59586,b,l
2025-04-22 01:35:40,0.87120000,6.16284,b,l
2025-04-22 18:09:39,0.86080000,116.04756,s,l
2025-04-22 21:50:06,0.88000000,6.49661,b,l
2025-04-23 04:35:57,0.87930000,6.94457,b,l
2025-04-23 11:23:55,0.87910000,57.34300,b,m
2025-04-23 20:32:47,0.87610000,7.11889,s,l
2025-04-23 20:32:51,0.87700000,7.13432,s,l
2025-04-23 20:32:55,0.87700000,7.12619,s,l
2025-04-23 20:32:59,0.87700000,7.12322,s,l
2025-04-24 06:59:01,0.88220000,6.88480,b,l
2025-04-24 06:59:05,0.88220000,6.88736,b,l
2025-04-24 06:59:09,0.88220000,6.88991,b,l
2025-04-24 07:01:01,0.88200000,6.89371,b,l
2025-04-24 07:01:05,0.88190000,6.89690,b,l
2025-04-24 13:14:26,0.88050000,17.70762,b,m
2025-04-24 13:14:26,0.88060000,11.34277,b,m
2025-04-25 12:21:47,0.88240000,7.06284,b,l
2025-04-25 12:52:23,0.88260000,7.05382,b,l
2025-04-25 17:28:26,0.88140000,1.11780,b,l
2025-04-25 17:40:37,0.88080000,10.06700,b,l
2025-04-25 17:42:18,0.88080000,73.07307,b,l
2025-04-25 17:42:18,0.88090000,114.83083,b,l
2025-04-28 17:52:36,0.87600000,11.04630,s,l
2025-04-28 19:27:44,0.86340000,7.23342,s,l
2025-04-29 20:24:33,0.87740000,21.62339,s,m
2025-04-30 05:34:26,0.85830000,25.07860,s,l
2025-05-02 04:50:48,0.88390000,7.30298,s,l
2025-05-02 21:54:50,0.88630000,7.19355,b,l
2025-05-02 21:54:54,0.88630000,7.19621,b,l
2025-05-02 21:54:58,0.88630000,7.19887,b,l
2025-05-02 21:55:50,0.88630000,7.19711,b,l
2025-05-02 21:55:54,0.88630000,7.19978,b,l
2025-05-02 21:55:58,0.88630000,7.20246,b,l
2025-05-02 22:42:02,0.87500000,7.36832,s,l
2025-05-02 22:42:06,0.87500000,7.36811,s,l
2025-05-02 22:42:10,0.87500000,7.36543,s,l
2025-05-02 22:42:14,0.87500000,7.36263,s,l
2025-05-04 05:59:28,0.88470000,31.40089,s,l
2025-05-06 17:45:31,0.87030000,7.23008,s,l
2025-05-06 17:45:35,0.87100000,7.22220,s,l
2025-05-07 09:30:24,0.87050000,7.40235,s,l
2025-05-07 09:30:28,0.86360000,7.44715,s,l
2025-05-07 15:03:38,0.87940000,7.29047,s,l
2025-05-08 07:36:03,0.88480000,7.51093,s,l
2025-05-08 07:36:07,0.88480000,7.50838,s,l
2025-05-08 07:36:11,0.88480000,7.50554,s,l
2025-05-08 07:36:15,0.88480000,7.50255,s,l
2025-05-08 07:36:27,0.88490000,7.49336,s,l
2025-05-08 07:36:31,0.88490000,7.49043,s,l
2025-05-08 07:36:35,0.88490000,7.48745,s,l
2025-05-10 20:16:33,0.88940000,7.69456,b,l
2025-05-10 20:16:41,0.88940000,7.70048,b,l
2025-05-10 23:33:25,0.89080000,7.76102,b,l
2025-05-11 00:17:15,0.88910000,7.25329,b,l
2025-05-11 10:17:09,0.88760000,7.85541,s,l
2025-05-13 15:58:57,0.88610000,16.85384,s,l
2025-05-13 15:58:57,0.88600000,33.16616,s,l
2025-05-13 17:22:40,0.88470000,7.93508,s,l
2025-05-13 22:31:28,0.87480000,8.01776,s,l
2025-05-14 22:39:22,0.87780000,32.43655,s,l
2025-05-14 22:39:22,0.87780000,57.32324,s,l
2025-05-15 09:11:39,0.89310000,7.60700,b,l
2025-05-15 09:11:43,0.89310000,7.60610,b,l
2025-05-15 09:11:47,0.89310000,7.60895,b,l
2025-05-15 09:11:51,0.89310000,7.61127,b,l
2025-05-15 09:14:59,0.87040000,6.39314,s,m
2025-05-16 09:47:29,0.86460000,9.58972,s,m
2025-05-17 12:35:32,0.89630000,6.39313,b,l
2025-05-19 18:31:11,0.88920000,7.95062,s,l
2025-05-19 18:31:15,0.88920000,7.94815,s,l
2025-05-19 18:31:19,0.88920000,7.94560,s,l
2025-05-19 18:31:23,0.88920000,7.94300,s,l
2025-05-19 18:31:27,0.88920000,7.94038,s,l
2025-05-19 18:31:31,0.88920000,7.93774,s,l
2025-05-19 18:31:35,0.88920000,7.93453,s,l
2025-05-19 18:31:39,0.88920000,7.93118,s,l
2025-05-19 18:31:43,0.88920000,7.92842,s,l
2025-05-19 18:31:47,0.88920000,7.92522,s,l
2025-05-19 18:31:51,0.88920000,7.92242,s,l
2025-05-19 18:31:55,0.88920000,7.91962,s,l
2025-05-19 18:31:59,0.88920000,7.91679,s,l
2025-05-21 02:06:57,0.89620000,7.83900,b,l
2025-05-21 02:07:01,0.89620000,7.84493,b,l
2025-05-21 02:19:21,0.89250000,7.86350,b,l
2025-05-21 05:42:49,0.88110000,8.13300,s,l
2025-05-21 05:42:57,0.88110000,8.12720,s,l
2025-05-21 16:13:41,0.87860000,8.23397,s,l
2025-05-21 16:13:45,0.87860000,8.23083,s,l
2025-05-21 16:13:49,0.87880000,8.22626,s,l
2025-05-21 17:25:19,0.87850000,8.11079,s,l
2025-05-22 04:50:09,0.88250000,84.34143,b,l
2025-05-22 05:20:43,0.89840000,1251.50579,s,l
2025-05-22 05:20:43,0.89840000,1.27781,s,l
2025-05-22 05:20:43,0.89610000,8.27744,s,l
2025-05-22 05:20:43,0.89610000,8.26076,s,l
2025-05-22 05:20:43,0.89610000,39.93610,s,l
2025-05-22 05:20:43,0.89610000,8.25891,s,l
2025-05-22 05:20:43,0.89610000,8.25591,s,l
2025-05-22 05:20:43,0.89610000,43.91539,s,l
2025-05-22 05:20:43,0.89610000,8.25287,s,l
2025-05-22 05:20:43,0.89610000,8.24283,s,l
2025-05-22 05:20:43,0.89610000,43.92351,s,l
2025-05-22 05:20:43,0.89610000,16.00000,s,l
2025-05-22 05:20:43,0.89610000,1107.13795,s,l
2025-05-22 05:20:43,0.89610000,1001.52977,s,l
2025-05-22 05:20:43,0.89610000,25.19334,s,l
2025-05-22 05:20:43,0.89610000,196.34120,s,l
2025-05-22 05:20:43,0.89160000,1000.00000,s,l
2025-05-22 05:20:43,0.89160000,803.09125,s,l
2025-05-22 05:20:43,0.89160000,3258.04253,s,l
2025-05-22 05:20:43,0.88940000,68.28920,s,l
2025-05-22 05:20:43,0.88940000,6293.96910,s,l
2025-05-22 05:20:44,0.89390000,3781.74496,s,l
2025-05-22 05:20:44,0.89390000,3.86124,s,l
2025-05-22 05:21:22,0.88250000,235.03157,s,l
2025-05-22 05:21:22,0.88250000,1039.52063,s,l
2025-05-22 05:21:22,0.88030000,235.03155,s,l
2025-05-22 05:21:26,0.88200000,26.28811,s,l
2025-05-24 16:34:26,0.87880000,8.20487,s,l
2025-05-25 07:46:30,0.86430000,213.95378,s,m
2025-05-25 07:46:30,0.86430000,125.48509,s,m
2025-05-25 07:46:30,0.86420000,284.26113,s,m
2025-05-25 09:45:44,0.88140000,213.95379,b,m
2025-05-25 09:45:44,0.88150000,393.90939,b,m
2025-05-26 23:31:01,0.87490000,25.00000,s,m
2025-05-27 08:52:33,0.87910000,8.30116,s,l
2025-05-27 08:52:37,0.87910000,8.29859,s,l
2025-05-27 08:52:41,0.87910000,8.29599,s,l
2025-05-27 08:52:45,0.87910000,8.29335,s,l
2025-05-27 08:52:49,0.87910000,8.29067,s,l
2025-05-27 08:55:33,0.87920000,8.29305,s,l
2025-05-27 08:55:37,0.87880000,8.30026,s,l
2025-05-27 13:02:29,0.87140000,21.13630,s,l
2025-05-27 13:25:11,0.88040000,7.71179,b,l
2025-05-27 16:23:18,0.88620000,8.18067,b,l
2025-05-27 16:23:22,0.88370000,8.20211,b,l
2025-05-27 16:23:22,0.88370000,8.20211,b,l
2025-05-27 16:23:26,0.88370000,8.18831,b,l
2025-05-27 16:23:30,0.88360000,8.20896,b,l
2025-05-27 16:49:50,0.89090000,8.19489,b,l
2025-05-27 16:49:54,0.89090000,8.18806,b,l
2025-05-27 17:54:30,0.88810000,8.18606,b,l
2025-05-28 18:41:10,0.88440000,8.11760,s,l
2025-06-01 04:24:47,0.89300000,10.30900,s,l
2025-06-01 04:49:51,0.89300000,1.05076,s,l
2025-06-05 05:34:12,0.87800000,7.82711,b,l
2025-06-07 15:21:11,0.86890000,8.02313,s,l
2025-06-09 12:43:50,0.87520000,8.13031,s,l
2025-06-09 19:36:06,0.87370000,8.89262,s,m
2025-06-13 04:46:13,0.86660000,11.35970,s,l
2025-06-13 06:58:37,0.86650000,64.39307,s,l
2025-06-15 12:50:41,0.84820000,64.39307,s,m
2025-06-16 01:24:23,0.83570000,13.28412,s,m
2025-06-16 01:24:23,0.83570000,13.28412,s,m
2025-06-18 09:33:38,0.86710000,7.90611,s,l
2025-06-20 08:35:19,0.83950000,48.54630,s,m
2025-06-21 16:31:46,0.85970000,18.03745,b,l
2025-06-23 17:34:58,0.88410000,7.46308,b,l
2025-06-23 17:40:58,0.86540000,7.59619,b,l
2025-06-23 18:28:34,0.86970000,7.59595,b,l
2025-06-23 18:28:38,0.86970000,7.59930,b,l
2025-06-23 18:28:42,0.86970000,7.60029,b,l
2025-06-23 18:40:38,0.86500000,7.66448,b,l
2025-06-23 18:53:10,0.86480000,7.65812,b,l
2025-06-23 19:18:14,0.87590000,7.05903,b,l
2025-06-23 20:04:10,0.86250000,7.78612,s,l
2025-06-24 04:33:26,0.86020000,7.62901,s,l
2025-06-25 20:31:20,0.85670000,30.00000,s,l
2025-06-26 03:20:05,0.84930000,8.21627,s,l
2025-06-26 03:20:09,0.84930000,8.23162,s,l
2025-06-26 03:20:13,0.84930000,8.21047,s,l
2025-06-26 03:20:37,0.85040000,8.19801,s,l
2025-06-26 19:20:01,0.84600000,8.16693,s,l
2025-06-26 23:04:43,0.85620000,9.90222,b,l
2025-06-27 01:59:41,0.85330000,8.09477,s,l
2025-06-27 16:34:38,0.85180000,8.12462,s,l
2025-06-30 13:58:45,0.84130000,5.00000,s,m
2025-06-30 14:03:17,0.84320000,5.00000,s,m
2025-07-03 05:57:22,0.84680000,5.73980,s,m
2025-07-03 12:30:06,0.84940000,131.73623,b,l
2025-07-03 12:30:06,0.84940000,0.66332,b,l
2025-07-09 16:20:23,0.85800000,279.24270,b,l
2025-07-10 00:38:03,0.85210000,10.00000,b,l
2025-07-10 00:38:12,0.85210000,10.00000,b,l
2025-07-10 00:39:16,0.84400000,10.00000,s,m
2025-07-10 00:52:44,0.84450000,10.00000,s,m
2025-07-10 09:34:29,0.85110000,8.38368,s,l
2025-07-10 09:34:33,0.85110000,8.38518,s,l
2025-07-10 17:24:32,0.85620000,8.45125,b,l
2025-07-10 22:34:41,0.85640000,30.00000,b,m
2025-07-11 06:56:03,0.85280000,31.47070,s,l
2025-07-11 14:05:54,0.85540000,8.78543,b,l
2025-07-11 14:05:58,0.85540000,8.76867,b,l
2025-07-11 14:07:26,0.85720000,8.78193,b,l
2025-07-11 15:26:38,0.85870000,8.75452,b,l
2025-07-11 22:30:23,0.85110000,31.52790,s,l
2025-07-13 11:32:58,0.84990000,6.43430,s,l
2025-07-14 08:14:10,0.84720000,9.18685,s,l
2025-07-14 09:09:19,0.85140000,123.17452,s,l
2025-07-14 09:09:19,0.85130000,830.14696,s,l
2025-07-14 09:09:19,0.85130000,734.45164,s,l
2025-07-14 18:56:35,0.85620000,7.56702,b,m
2025-07-15 04:27:37,0.85460000,2.14010,s,l
2025-07-17 00:36:00,0.84430000,5.33970,s,l
2025-07-18 22:22:24,0.85820000,8.88000,s,l
2025-07-18 22:22:32,0.85820000,8.87404,s,l
2025-07-19 10:00:28,0.85830000,7.05402,s,l
2025-07-19 10:30:08,0.85840000,8.92294,s,l
2025-07-19 12:31:00,0.85840000,8.92100,s,l
2025-07-19 14:14:41,0.85820000,8.90718,s,l
2025-07-19 21:19:20,0.86050000,8.12317,b,l
2025-07-19 21:20:04,0.86050000,8.76755,b,l
2025-07-19 21:20:04,0.86050000,8.76756,b,l
2025-07-19 21:20:08,0.86040000,8.74812,b,l
2025-07-19 21:20:12,0.86040000,8.77495,b,l
2025-07-19 21:20:16,0.86040000,8.77825,b,l
2025-07-20 01:36:12,0.86050000,8.81441,b,l
2025-07-20 09:00:12,0.85850000,8.91134,s,l
2025-07-20 09:00:16,0.85850000,8.90805,s,l
2025-07-20 09:05:52,0.85820000,8.91876,s,l
2025-07-20 09:05:56,0.85820000,8.46236,s,l
2025-07-21 00:38:48,0.86000000,1069.99999,s,l
2025-07-22 12:01:05,0.85510000,8.89306,b,l
2025-07-22 12:01:09,0.85510000,8.89637,b,l
2025-07-22 14:51:29,0.85230000,17.84794,s,l
2025-07-22 14:51:29,0.85220000,0.15206,s,l
2025-07-24 00:57:12,0.85120000,7.50000,s,l
2025-07-24 05:58:20,0.84810000,5.00000,s,m
2025-07-24 22:35:55,0.85050000,5.01000,b,l
2025-07-24 22:35:55,0.85050000,5.01000,b,l
2025-07-24 22:35:55,0.85050000,5.01000,b,l
2025-07-24 22:35:55,0.85050000,5.01000,b,l
2025-07-24 22:35:55,0.85050000,5.01000,b,l
2025-07-24 22:35:55,0.85050000,5.01000,b,l
2025-07-24 22:36:11,0.85030000,3.54000,b,l
2025-07-25 01:34:26,0.85110000,5.01000,b,l
2025-07-25 01:34:26,0.85110000,5.01000,b,l
2025-07-25 01:34:26,0.85110000,5.01000,b,l
2025-07-25 01:34:26,0.85110000,5.01000,b,l
2025-07-25 01:34:26,0.85110000,5.01000,b,l
2025-07-25 01:34:26,0.85110000,5.01000,b,l
2025-07-25 01:34:28,0.85070000,3.54000,b,l
2025-07-25 07:15:45,0.85060000,5.01000,s,l
2025-07-27 19:30:44,0.85040000,5.01000,s,l
2025-07-27 19:30:45,0.85040000,5.01000,s,l
2025-07-27 22:32:29,0.85040000,0.63130,s,m
2025-07-27 22:32:29,0.85030000,4.36870,s,m
2025-07-27 22:33:16,0.85030000,0.64130,s,m
2025-07-27 22:33:16,0.85030000,4.35870,s,m
2025-07-28 02:52:40,0.85030000,0.65130,s,l
2025-07-28 02:52:40,0.85030000,0.63260,s,l
2025-07-28 05:37:15,0.85020000,5.00000,s,m
2025-07-28 13:42:32,0.86290000,11.30490,b,l
2025-07-29 02:45:46,0.86110000,9.99652,s,l
2025-07-29 18:28:43,0.86510000,5.00000,s,m
2025-07-29 18:29:46,0.86510000,5.00000,s,m
2025-07-29 19:50:19,0.85740000,5.00000,s,m
2025-07-30 16:57:34,0.87000000,8.86066,s,l
2025-07-31 06:07:08,0.86340000,29.15254,s,m
2025-07-31 16:10:02,0.87380000,8.89093,s,l
2025-07-31 21:43:22,0.87530000,5.01000,b,l
2025-07-31 21:43:22,0.87530000,5.01000,b,l
2025-07-31 21:43:22,0.87530000,5.01000,b,l
2025-08-01 01:48:34,0.87500000,6.61243,s,l
2025-08-01 08:49:42,0.87670000,5.01000,b,l
2025-08-01 09:21:23,0.87670000,5.01000,b,l
2025-08-01 09:21:23,0.87670000,5.01000,b,l
2025-08-01 09:48:19,0.87670000,2.17000,b,l
2025-08-01 19:28:44,0.86540000,29.54651,s,m
2025-08-02 14:46:55,0.84840000,123.00509,s,m
2025-08-03 04:17:23,0.86250000,1.43680,s,l
2025-08-04 05:02:36,0.86440000,5.01000,s,l
2025-08-04 05:10:51,0.86340000,5.01000,s,m
2025-08-04 05:10:51,0.86340000,5.01000,s,m
2025-08-04 05:10:51,0.86340000,0.63000,s,m
2025-08-04 05:10:51,0.86270000,36.75042,s,m
2025-08-04 05:22:57,0.86430000,5.00999,s,l
2025-08-04 09:14:43,0.86520000,5.01000,s,l
2025-08-04 09:14:43,0.86520000,5.01000,s,l
2025-08-04 09:27:19,0.86490000,5.01000,s,l
2025-08-04 09:27:19,0.86490000,5.01000,s,l
2025-08-04 10:42:18,0.86540000,5.01000,s,l
2025-08-04 10:42:18,0.86540000,5.01000,s,l
2025-08-04 10:42:51,0.86590000,0.61650,b,l
2025-08-04 11:58:36,0.86450000,5.00999,s,l
2025-08-04 13:12:21,0.86370000,5.01000,s,l
2025-08-04 17:06:55,0.86490000,5.01000,s,l
2025-08-04 17:06:55,0.86490000,5.01000,s,l
2025-08-04 17:29:15,0.86490000,5.01000,s,l
2025-08-04 17:29:15,0.86490000,5.01000,s,l
2025-08-04 19:24:21,0.86470000,5.01000,s,l
2025-08-04 19:24:21,0.86470000,5.01000,s,l
2025-08-04 21:34:03,0.86480000,5.01000,s,l
2025-08-04 21:34:03,0.86480000,5.01000,s,l
2025-08-05 01:40:14,0.86510000,5.01000,s,l
2025-08-05 06:56:55,0.86490000,21.28699,s,m
2025-08-05 17:35:36,0.86270000,10.34976,s,l
2025-08-06 04:41:16,0.86380000,5.01000,s,l
2025-08-06 04:41:16,0.86380000,5.01000,s,l
2025-08-07 12:55:49,0.85700000,10.42878,s,l
2025-08-07 18:58:31,0.88200000,1.67910,b,l
2025-08-08 01:30:01,0.85700000,5.01000,b,l
2025-08-08 01:30:01,0.85700000,5.01000,b,l
2025-08-08 01:37:52,0.85720000,5.01000,b,l
2025-08-08 01:37:52,0.85720000,5.01000,b,l
2025-08-08 01:37:52,0.85720000,5.01000,b,l
2025-08-08 01:37:52,0.85720000,5.01000,b,l
2025-08-08 01:37:52,0.85720000,5.01000,b,l
2025-08-08 01:37:52,0.85720000,5.01000,b,l
2025-08-08 01:37:52,0.85720000,5.01000,b,l
2025-08-08 01:37:52,0.85720000,5.01000,b,l
2025-08-08 01:37:52,0.85720000,5.01000,b,l
2025-08-08 01:37:52,0.85720000,5.01000,b,l
2025-08-08 01:51:04,0.85730000,5.01000,b,l
2025-08-08 01:51:04,0.85730000,5.01000,b,l
2025-08-08 01:51:04,0.85730000,5.01000,b,l
2025-08-08 03:10:18,0.85720000,5.01000,b,l
2025-08-08 03:10:18,0.85720000,5.01000,b,l
2025-08-08 03:10:18,0.85720000,5.01000,b,l
2025-08-08 03:10:18,0.85720000,5.01000,b,l
2025-08-08 03:10:18,0.85720000,5.01000,b,l
2025-08-08 03:10:18,0.85720000,5.01000,b,l
2025-08-08 03:10:18,0.85720000,5.01000,b,l
2025-08-08 03:10:18,0.85720000,5.01000,b,l
2025-08-08 03:10:18,0.85720000,5.01000,b,l
2025-08-08 03:10:18,0.85720000,5.01000,b,l
2025-08-09 03:12:44,0.85690000,10.22540,s,l
2025-08-11 04:09:32,0.85710000,9.04860,b,l
2025-08-11 04:09:32,0.85710000,9.05928,b,l
2025-08-11 05:05:12,0.85700000,9.08931,b,l
2025-08-11 05:05:20,0.85700000,9.09263,b,l
2025-08-11 05:05:32,0.85700000,9.09600,b,l
2025-08-11 05:12:34,0.85470000,10.00289,s,l
2025-08-11 05:13:12,0.85720000,9.10239,b,l
2025-08-11 05:18:44,0.85700000,9.08075,b,l
2025-08-11 06:04:24,0.85710000,8.19886,b,l
2025-08-11 06:11:35,0.85470000,10.00295,s,l
2025-08-11 06:11:35,0.85470000,10.00295,s,l
2025-08-11 06:32:09,0.85470000,818.58620,s,l
2025-08-11 06:32:37,0.85480000,9.13982,s,l
2025-08-11 06:33:23,0.85480000,9.13983,s,l
2025-08-11 06:33:23,0.85480000,227.05141,s,l
2025-08-11 06:33:23,0.85480000,306.69578,s,l
2025-08-11 06:33:23,0.85480000,306.82569,s,l
2025-08-11 06:33:23,0.85480000,306.99158,s,l
2025-08-11 06:33:23,0.85480000,159.55392,s,l
2025-08-11 06:34:38,0.85480000,89.79732,s,l
2025-08-11 06:35:45,0.85480000,665.11496,s,l
2025-08-11 06:36:48,0.85480000,440.95521,s,l
2025-08-11 06:37:05,0.85480000,60.16084,s,l
2025-08-11 06:40:43,0.85750000,102.62270,b,l
2025-08-12 01:59:26,0.86090000,5.01000,s,l
2025-08-12 01:59:26,0.86090000,5.01000,s,l
2025-08-12 01:59:26,0.86090000,5.01000,s,l
2025-08-12 01:59:26,0.86090000,5.01000,s,l
2025-08-12 04:53:12,0.86050000,5.01000,s,l
2025-08-12 04:53:12,0.86050000,5.01000,s,l
2025-08-12 04:53:12,0.86050000,5.01000,s,l
2025-08-12 04:53:12,0.86050000,5.01000,s,l
2025-08-12 12:45:09,0.86160000,3.20910,b,l
2025-08-12 12:50:15,0.85870000,5.01000,s,l
2025-08-12 12:50:15,0.85870000,5.01000,s,l
2025-08-12 12:50:17,0.85870000,5.01000,s,l
2025-08-12 12:50:17,0.85870000,5.01000,s,l
2025-08-12 15:40:55,0.85820000,3.25240,b,l
2025-08-12 15:56:12,0.85630000,5.01000,s,l
2025-08-12 15:56:12,0.85630000,5.01000,s,l
2025-08-12 15:56:12,0.85630000,5.01000,s,l
2025-08-12 15:56:12,0.85630000,5.01000,s,l
2025-08-13 16:47:18,0.85460000,3.33950,s,m
2025-08-13 16:47:18,0.85220000,106.90257,s,m
2025-08-13 16:47:18,0.85210000,883.18764,s,m
2025-08-13 20:36:36,0.85120000,9.24842,s,l
2025-08-14 02:37:36,0.85190000,9.27686,s,l
2025-08-14 05:57:04,0.85390000,5.01000,s,l
2025-08-14 05:57:05,0.85390000,5.01000,s,l
2025-08-14 05:57:06,0.85390000,5.01000,s,l
2025-08-14 05:57:07,0.85390000,5.01000,s,l
2025-08-14 11:38:23,0.85410000,116.10574,s,l
2025-08-14 12:34:22,0.85570000,9.02319,s,l
2025-08-14 12:34:24,0.85570000,9.01205,s,l
2025-08-14 12:34:25,0.85570000,9.02210,s,l
2025-08-14 12:34:52,0.85260000,9.02093,s,l
2025-08-14 12:35:16,0.85550000,7.33032,s,l
2025-08-14 12:35:39,0.85550000,176.86031,s,l
2025-08-14 14:22:00,0.85600000,8.93766,s,l
2025-08-14 23:59:52,0.85870000,5.01000,s,l
2025-08-14 23:59:52,0.85870000,5.01000,s,l
2025-08-14 23:59:52,0.85870000,5.01000,s,l
2025-08-14 23:59:52,0.85870000,5.01000,s,l
2025-08-15 09:54:56,0.85720000,3.26870,s,l
2025-08-15 13:11:31,0.85390000,1171.09731,s,m
2025-08-15 13:11:31,0.85390000,320.91422,s,m
2025-08-15 13:26:24,0.85730000,8.84839,b,l
2025-08-15 16:02:09,0.85340000,8.82855,s,l
2025-08-15 16:04:08,0.85340000,7.50665,s,l
2025-08-15 16:04:08,0.85340000,1.32205,s,l
2025-08-15 18:22:36,0.85360000,8.85937,s,l
2025-08-15 19:49:20,0.85360000,8.82137,s,l
2025-08-15 19:49:24,0.85360000,0.97961,s,l
2025-08-15 19:49:24,0.85360000,7.84264,s,l
2025-08-15 19:49:28,0.85360000,8.81901,s,l
2025-08-15 23:21:48,0.85390000,8.85292,s,l
2025-08-15 23:21:52,0.85390000,8.84967,s,l
2025-08-15 23:21:56,0.85390000,8.84639,s,l
2025-08-15 23:22:00,0.85390000,8.84307,s,l
2025-08-16 01:49:16,0.85660000,8.79323,b,l
2025-08-16 02:05:40,0.85400000,8.88040,s,l
2025-08-16 23:17:24,0.85690000,8.79532,b,l
2025-08-17 19:43:52,0.85580000,7.53980,b,l
2025-08-17 19:43:52,0.85580000,1.24101,b,l
2025-08-18 03:44:00,0.85350000,8.67064,s,l
2025-08-18 05:11:55,0.85430000,5.01000,b,l
2025-08-18 05:11:55,0.85430000,5.01000,b,l
2025-08-18 05:11:55,0.85430000,5.01000,b,l
2025-08-18 05:11:55,0.85430000,5.01000,b,l
2025-08-18 05:11:55,0.85430000,5.01000,b,l
2025-08-18 05:11:55,0.85430000,5.01000,b,l
2025-08-18 05:11:55,0.85430000,5.01000,b,l
2025-08-18 05:11:55,0.85430000,5.01000,b,l
2025-08-18 05:11:55,0.85430000,5.01000,b,l
2025-08-18 05:11:55,0.85430000,5.01000,b,l
2025-08-18 06:10:02,0.85500000,5.01000,s,l
2025-08-18 06:10:02,0.85500000,5.01000,s,l
2025-08-18 06:10:02,0.85500000,5.01000,s,l
2025-08-18 07:24:21,0.85520000,5.01000,s,l
2025-08-18 07:24:21,0.85520000,5.01000,s,l
2025-08-18 08:02:31,0.85620000,5.01000,b,l
2025-08-18 08:02:31,0.85620000,5.01000,b,l
2025-08-18 08:02:31,0.85620000,5.01000,b,l
2025-08-18 08:02:31,0.85620000,5.01000,b,l
2025-08-18 08:02:31,0.85620000,5.01000,b,l
2025-08-18 08:02:31,0.85620000,5.01000,b,l
2025-08-18 08:02:31,0.85620000,5.01000,b,l
2025-08-18 08:02:31,0.85620000,5.01000,b,l
2025-08-18 08:02:31,0.85620000,3.90000,b,l
2025-08-18 08:27:11,0.85620000,5.01000,s,l
2025-08-18 08:27:11,0.85620000,5.01000,s,l
2025-08-18 08:27:11,0.85620000,5.01000,s,l
2025-08-18 08:27:11,0.85620000,5.01000,s,l
2025-08-18 08:27:11,0.85620000,5.01000,s,l
2025-08-18 11:16:31,0.85650000,5.01000,s,l
2025-08-18 11:16:31,0.85650000,5.01000,s,l
2025-08-18 11:16:31,0.85650000,5.01000,s,l
2025-08-18 12:26:04,0.85640000,5.01000,b,l
2025-08-18 12:26:04,0.85640000,5.01000,b,l
2025-08-18 12:26:04,0.85640000,5.01000,b,l
2025-08-18 12:26:04,0.85640000,5.01000,b,l
2025-08-18 12:26:04,0.85640000,5.01000,b,l
2025-08-18 12:26:04,0.85640000,5.01000,b,l
2025-08-18 12:26:04,0.85640000,5.01000,b,l
2025-08-18 12:26:04,0.85640000,5.01000,b,l
2025-08-18 14:06:44,0.85680000,5.01000,s,l
2025-08-18 14:06:44,0.85680000,5.01000,s,l
2025-08-18 14:06:44,0.85680000,5.01000,s,l
2025-08-18 14:06:44,0.85680000,5.01000,s,l
2025-08-18 14:06:44,0.85680000,5.01000,s,l
2025-08-18 14:44:04,0.85690000,5.01000,b,l
2025-08-18 14:44:04,0.85690000,5.01000,b,l
2025-08-18 14:44:04,0.85690000,5.01000,b,l
2025-08-18 14:44:04,0.85690000,5.01000,b,l
2025-08-18 14:44:04,0.85690000,5.01000,b,l
2025-08-18 14:44:04,0.85690000,5.01000,b,l
2025-08-18 14:44:04,0.85690000,5.01000,b,l
2025-08-18 17:26:35,0.85780000,5.01000,b,l
2025-08-18 17:26:35,0.85780000,5.01000,b,l
2025-08-18 17:26:35,0.85780000,5.01000,b,l
2025-08-18 17:26:35,0.85780000,5.01000,b,l
2025-08-18 20:59:28,0.85760000,5.01000,b,l
2025-08-18 20:59:28,0.85760000,5.01000,b,l
2025-08-18 21:32:14,0.85780000,5.01000,s,l
2025-08-18 21:32:14,0.85780000,5.01000,s,l
2025-08-18 21:32:14,0.85780000,5.01000,s,l
2025-08-18 21:32:14,0.85780000,5.01000,s,l
2025-08-18 21:32:14,0.85780000,5.01000,s,l
2025-08-18 22:07:52,0.85760000,5.01000,s,l
2025-08-18 22:07:52,0.85760000,5.01000,s,l
2025-08-18 22:07:52,0.85760000,5.01000,s,l
2025-08-18 22:07:52,0.85760000,5.01000,s,l
2025-08-18 22:07:52,0.85760000,5.01000,s,l
2025-08-18 22:07:52,0.85760000,5.01000,s,l
2025-08-18 22:32:19,0.85640000,5.01000,s,l
2025-08-18 22:32:19,0.85640000,5.01000,s,l
2025-08-18 22:32:19,0.85640000,1.38102,s,l
2025-08-18 22:32:28,0.85570000,5.38880,s,l
2025-08-18 23:16:28,0.85700000,5.01000,b,l
2025-08-18 23:16:28,0.85700000,5.01000,b,l
2025-08-18 23:16:28,0.85700000,5.01000,b,l
2025-08-18 23:16:28,0.85700000,5.01000,b,l
2025-08-18 23:16:28,0.85700000,5.01000,b,l
2025-08-18 23:16:28,0.85700000,5.01000,b,l
2025-08-18 23:16:28,0.85700000,5.01000,b,l
2025-08-18 23:41:18,0.85770000,5.01000,s,l
2025-08-18 23:41:18,0.85770000,5.01000,s,l
2025-08-18 23:41:18,0.85770000,5.01000,s,l
2025-08-18 23:41:18,0.85770000,5.01000,s,l
2025-08-18 23:41:18,0.85770000,5.01000,s,l
2025-08-18 23:41:18,0.85770000,5.01000,s,l
2025-08-19 00:39:43,0.85780000,5.01000,s,l
2025-08-19 00:39:43,0.85780000,5.01000,s,l
2025-08-19 00:39:43,0.85780000,5.01000,s,l
2025-08-19 00:39:43,0.85780000,5.01000,s,l
2025-08-19 00:39:43,0.85780000,5.01000,s,l
2025-08-19 00:39:43,0.85780000,5.01000,s,l
2025-08-19 02:05:40,0.85740000,8.72421,s,l
2025-08-19 05:22:17,0.85700000,5.01000,s,l
2025-08-19 05:22:17,0.85700000,5.01000,s,l
2025-08-19 05:22:17,0.85700000,5.01000,s,l
2025-08-19 05:22:17,0.85700000,3.93560,s,l
2025-08-19 05:22:17,0.85660000,477.84729,s,l
2025-08-19 05:22:17,0.85660000,496.81522,s,l
2025-08-19 05:27:22,0.85690000,5.01000,s,l
2025-08-19 05:35:57,0.85690000,5.01000,s,l
2025-08-19 06:47:32,0.85770000,5.01000,s,l
2025-08-19 08:46:47,0.85650000,5.01000,b,l
2025-08-19 08:46:47,0.85650000,5.01000,b,l
2025-08-19 08:46:47,0.85650000,5.01000,b,l
2025-08-19 08:46:47,0.85650000,5.01000,b,l
2025-08-19 08:46:47,0.85650000,5.01000,b,l
2025-08-19 08:46:47,0.85650000,5.01000,b,l
2025-08-19 08:46:47,0.85650000,5.01000,b,l
2025-08-19 08:46:47,0.85650000,5.01000,b,l
2025-08-19 08:46:47,0.85650000,5.01000,b,l
2025-08-19 08:46:48,0.85630000,3.46460,b,l
2025-08-19 09:42:36,0.85660000,5.01000,b,l
2025-08-19 09:42:36,0.85660000,5.01000,b,l
2025-08-19 09:42:36,0.85660000,5.01000,b,l
2025-08-19 09:42:36,0.85660000,5.01000,b,l
2025-08-19 09:42:36,0.85660000,5.01000,b,l
2025-08-19 09:42:36,0.85660000,5.01000,b,l
2025-08-19 09:42:36,0.85660000,5.01000,b,l
2025-08-19 09:42:36,0.85660000,5.01000,b,l
2025-08-19 09:42:36,0.85660000,5.01000,b,l
2025-08-19 10:44:13,0.85590000,5.01000,b,l
2025-08-19 10:44:13,0.85590000,5.01000,b,l
2025-08-19 10:44:13,0.85590000,5.01000,b,l
2025-08-19 10:44:13,0.85590000,5.01000,b,l
2025-08-19 10:44:13,0.85590000,5.01000,b,l
2025-08-19 10:44:13,0.85590000,5.01000,b,l
2025-08-19 12:19:37,0.85640000,5.01000,s,l
2025-08-19 12:19:37,0.85640000,5.01000,s,l
2025-08-19 12:19:37,0.85640000,5.01000,s,l
2025-08-19 12:19:37,0.85640000,5.01000,s,l
2025-08-19 12:19:37,0.85640000,5.01000,s,l
2025-08-19 12:19:37,0.85640000,5.01000,s,l
2025-08-19 12:19:37,0.85640000,5.01000,s,l
2025-08-19 23:28:16,0.85850000,5.01000,b,l
2025-08-19 23:28:16,0.85850000,5.01000,b,l
2025-08-19 23:28:16,0.85850000,5.01000,b,l
2025-08-19 23:28:16,0.85850000,5.01000,b,l
2025-08-19 23:28:16,0.85850000,5.01000,b,l
2025-08-19 23:28:16,0.85850000,5.01000,b,l
2025-08-20 02:10:34,0.85990000,5.01000,b,l
2025-08-20 02:10:34,0.85990000,5.01000,b,l
2025-08-20 02:10:34,0.85990000,5.01000,b,l
2025-08-20 02:10:34,0.85990000,5.01000,b,l
2025-08-20 03:00:35,0.86030000,5.01000,s,l
2025-08-20 03:00:35,0.86030000,5.01000,s,l
2025-08-20 03:00:35,0.86030000,5.01000,s,l
2025-08-20 03:00:35,0.86030000,5.01000,s,l
2025-08-20 03:00:35,0.86030000,5.01000,s,l
2025-08-20 03:44:18,0.85990000,5.01000,s,l
2025-08-20 03:44:18,0.85990000,5.01000,s,l
2025-08-20 03:44:18,0.85990000,5.01000,s,l
2025-08-20 03:44:18,0.85990000,5.01000,s,l
2025-08-20 03:44:18,0.85990000,5.01000,s,l
2025-08-20 03:44:18,0.85990000,5.01000,s,l
2025-08-20 05:38:22,0.86000000,5.01000,s,l
2025-08-20 05:38:22,0.86000000,5.01000,s,l
2025-08-20 05:38:22,0.86000000,5.01000,s,l
2025-08-20 06:21:46,0.86020000,5.01000,b,l
2025-08-20 06:21:46,0.86020000,5.01000,b,l
2025-08-20 06:21:46,0.86020000,5.01000,b,l
2025-08-20 06:21:46,0.86020000,5.01000,b,l
2025-08-20 06:21:46,0.86020000,5.01000,b,l
2025-08-20 06:21:46,0.86020000,5.01000,b,l
2025-08-20 06:21:46,0.86020000,5.01000,b,l
2025-08-20 06:21:46,0.86020000,5.01000,b,l
2025-08-20 06:44:04,0.86020000,5.01000,s,l
2025-08-20 06:44:04,0.86020000,5.01000,s,l
2025-08-20 06:44:04,0.86020000,5.01000,s,l
2025-08-20 06:44:04,0.86020000,5.01000,s,l
2025-08-20 06:44:04,0.86020000,5.01000,s,l
2025-08-20 07:06:36,0.85980000,5.01000,s,l
2025-08-20 07:06:36,0.85980000,5.01000,s,l
2025-08-20 07:06:36,0.85980000,5.01000,s,l
2025-08-20 07:34:10,0.85920000,5.01000,s,l
2025-08-20 07:34:10,0.85920000,5.01000,s,l
2025-08-20 09:37:54,0.85920000,5.01000,s,l
2025-08-20 10:14:48,0.85870000,5.01000,s,l
2025-08-20 10:54:27,0.85830000,5.01000,b,l
2025-08-20 10:54:27,0.85830000,5.01000,b,l
2025-08-20 10:54:27,0.85830000,5.01000,b,l
2025-08-20 10:54:27,0.85830000,5.01000,b,l
2025-08-20 10:54:27,0.85830000,5.01000,b,l
2025-08-20 10:54:27,0.85830000,5.01000,b,l
2025-08-20 10:54:27,0.85830000,5.01000,b,l
2025-08-20 10:54:27,0.85830000,5.01000,b,l
2025-08-20 10:54:27,0.85830000,5.01000,b,l
2025-08-20 12:33:02,0.85780000,5.01000,s,l
2025-08-20 12:33:03,0.85780000,5.01000,s,l
2025-08-20 12:33:03,0.85780000,5.01000,s,l
2025-08-20 12:33:03,0.85780000,5.01000,s,l
2025-08-20 17:45:53,0.85810000,5.01000,s,l
2025-08-20 17:45:54,0.85810000,5.01000,s,l
2025-08-20 17:45:54,0.85810000,5.01000,s,l
2025-08-20 20:29:31,0.85810000,5.01000,b,l
2025-08-20 20:29:31,0.85810000,5.01000,b,l
2025-08-20 20:29:31,0.85810000,5.01000,b,l
2025-08-20 20:29:31,0.85810000,5.01000,b,l
2025-08-20 20:29:31,0.85810000,5.01000,b,l
2025-08-20 20:29:31,0.85810000,5.01000,b,l
2025-08-20 20:29:31,0.85810000,5.01000,b,l
2025-08-20 20:29:31,0.85810000,5.01000,b,l
2025-08-21 02:06:26,0.85880000,5.01000,s,l
2025-08-21 02:06:26,0.85880000,5.01000,s,l
2025-08-21 02:06:26,0.85880000,5.01000,s,l
2025-08-21 02:06:26,0.85880000,5.01000,s,l
2025-08-21 02:06:26,0.85880000,5.01000,s,l
2025-08-21 02:58:22,0.85890000,5.01000,s,l
2025-08-21 02:58:22,0.85890000,5.01000,s,l
2025-08-21 02:58:22,0.85890000,5.01000,s,l
2025-08-21 05:33:16,0.85890000,5.01000,s,l
2025-08-21 06:49:54,0.85930000,5.01000,b,l
2025-08-21 06:49:54,0.85930000,5.01000,b,l
2025-08-21 06:49:54,0.85930000,5.01000,b,l
2025-08-21 06:49:54,0.85930000,5.01000,b,l
2025-08-21 06:49:54,0.85930000,5.01000,b,l
2025-08-21 06:49:54,0.85930000,5.01000,b,l
2025-08-21 06:49:54,0.85930000,5.01000,b,l
2025-08-21 06:49:54,0.85930000,5.01000,b,l
2025-08-21 06:49:54,0.85930000,5.01000,b,l
2025-08-21 07:24:27,0.85950000,5.01000,s,l
2025-08-21 07:24:27,0.85950000,5.01000,s,l
2025-08-21 07:24:27,0.85950000,5.01000,s,l
2025-08-21 07:24:27,0.85950000,5.01000,s,l
2025-08-21 07:24:27,0.85950000,5.01000,s,l
2025-08-21 08:35:55,0.85820000,5.01000,s,l
2025-08-21 08:35:55,0.85820000,5.01000,s,l
2025-08-21 08:35:55,0.85820000,5.01000,s,l
2025-08-21 14:41:32,0.86060000,5.01000,b,l
2025-08-21 14:41:32,0.86060000,5.01000,b,l
2025-08-21 14:41:32,0.86060000,5.01000,b,l
2025-08-21 14:41:32,0.86060000,5.01000,b,l
2025-08-21 14:41:32,0.86060000,5.01000,b,l
2025-08-21 14:41:32,0.86060000,5.01000,b,l
2025-08-21 14:41:32,0.86060000,5.01000,b,l
2025-08-21 14:41:33,0.85990000,3.46460,s,l
2025-08-21 15:11:10,0.86140000,5.01000,b,l
2025-08-21 15:11:10,0.86140000,5.01000,b,l
2025-08-21 15:11:10,0.86140000,5.01000,b,l
2025-08-21 15:11:10,0.86140000,5.01000,b,l
2025-08-21 15:11:10,0.86140000,5.01000,b,l
2025-08-21 15:11:10,0.86140000,5.01000,b,l
2025-08-21 15:11:10,0.86140000,5.01000,b,l
2025-08-21 16:43:11,0.86160000,5.01000,s,l
2025-08-21 16:43:11,0.86160000,5.01000,s,l
2025-08-21 16:43:11,0.86160000,5.01000,s,l
2025-08-21 16:43:12,0.86160000,5.01000,s,l
2025-08-21 16:43:12,0.86160000,5.01000,s,l
2025-08-21 17:14:58,0.86120000,5.01000,s,l
2025-08-21 17:14:58,0.86120000,5.01000,s,l
2025-08-21 17:14:58,0.86120000,5.01000,s,l
2025-08-21 17:16:24,0.85960000,8.43659,s,l
2025-08-21 18:20:46,0.86120000,5.01000,s,l
2025-08-21 18:20:46,0.86120000,5.01000,s,l
2025-08-21 21:18:14,0.86160000,5.01000,s,l
2025-08-21 22:12:04,0.86150000,5.01000,s,l
2025-08-21 23:12:30,0.86060000,5.01000,b,l
2025-08-21 23:12:30,0.86060000,5.01000,b,l
2025-08-21 23:12:30,0.86060000,5.01000,b,l
2025-08-21 23:12:30,0.86060000,5.01000,b,l
2025-08-21 23:12:30,0.86060000,5.01000,b,l
2025-08-21 23:12:30,0.86060000,5.01000,b,l
2025-08-21 23:12:30,0.86060000,5.01000,b,l
2025-08-21 23:12:30,0.86060000,5.01000,b,l
2025-08-21 23:12:30,0.86060000,5.01000,b,l
2025-08-21 23:39:36,0.86120000,5.01000,s,l
2025-08-21 23:39:36,0.86120000,5.01000,s,l
2025-08-21 23:39:36,0.86120000,5.01000,s,l
2025-08-21 23:39:36,0.86120000,5.01000,s,l
2025-08-22 03:47:50,0.86190000,5.01000,b,l
2025-08-22 03:47:50,0.86190000,5.01000,b,l
2025-08-22 03:47:50,0.86190000,5.01000,b,l
2025-08-22 03:47:50,0.86190000,5.01000,b,l
2025-08-22 03:47:50,0.86190000,5.01000,b,l
2025-08-22 03:47:50,0.86190000,5.01000,b,l
2025-08-22 03:47:50,0.86190000,5.01000,b,l
2025-08-22 04:52:44,0.86150000,8.51373,s,l
2025-08-22 06:15:55,0.86290000,5.01000,s,l
2025-08-22 06:15:55,0.86290000,5.01000,s,l
2025-08-22 06:15:55,0.86290000,5.01000,s,l
2025-08-22 06:15:55,0.86290000,5.01000,s,l
2025-08-22 06:15:55,0.86290000,5.01000,s,l
2025-08-22 07:51:11,0.86280000,5.01000,s,l
2025-08-22 07:51:11,0.86280000,5.01000,s,l
2025-08-22 07:51:11,0.86280000,5.01000,s,l
2025-08-22 09:39:10,0.86220000,5.01000,s,l
2025-08-22 09:39:10,0.86220000,5.01000,s,l
2025-08-22 09:39:10,0.86220000,5.01000,s,l
2025-08-22 12:09:25,0.86180000,5.01000,s,l
2025-08-22 12:09:25,0.86180000,5.01000,s,l
2025-08-22 13:02:52,0.86150000,5.01000,b,l
2025-08-22 13:02:52,0.86150000,5.01000,b,l
2025-08-22 13:02:52,0.86150000,5.01000,b,l
2025-08-22 13:02:52,0.86150000,5.01000,b,l
2025-08-22 13:02:52,0.86150000,5.01000,b,l
2025-08-22 13:02:52,0.86150000,5.01000,b,l
2025-08-22 13:02:52,0.86150000,5.01000,b,l
2025-08-22 13:02:52,0.86150000,5.01000,b,l
2025-08-22 13:45:35,0.86140000,5.01000,b,l
2025-08-22 13:45:35,0.86140000,5.01000,b,l
2025-08-22 13:45:36,0.86140000,5.01000,b,l
2025-08-22 13:45:36,0.86140000,5.01000,b,l
2025-08-22 14:00:08,0.86130000,5.01000,s,l
2025-08-22 14:00:12,0.86130000,5.01000,s,l
2025-08-22 14:14:11,0.85660000,5.01000,s,l
2025-08-22 14:14:23,0.85660000,5.01000,s,l
2025-08-22 14:14:25,0.85660000,5.01000,s,l
2025-08-22 14:14:26,0.85660000,5.01000,s,l
2025-08-22 14:14:27,0.85660000,5.01000,s,l
2025-08-22 14:14:29,0.85660000,5.01000,s,l
2025-08-22 14:14:29,0.85660000,5.01000,s,l
2025-08-22 16:09:20,0.85660000,0.29840,s,m
2025-08-22 16:09:20,0.85180000,9.50953,s,m
2025-08-22 16:09:20,0.85180000,9.50953,s,m
2025-08-22 16:09:20,0.85170000,1219.21196,s,m
2025-08-22 16:14:15,0.85430000,133.36015,b,l
2025-08-22 17:56:57,0.85190000,5.01000,s,l
2025-08-22 18:19:20,0.85210000,5.01000,s,l
2025-08-22 18:19:20,0.85210000,5.01000,s,l
2025-08-22 19:52:42,0.85310000,5.01000,s,l
2025-08-22 19:52:42,0.85310000,5.01000,s,l
2025-08-22 19:52:42,0.85310000,5.01000,s,l
2025-08-22 19:52:42,0.85310000,5.01000,s,l
2025-08-22 19:52:42,0.85310000,5.01000,s,l
2025-08-22 20:16:41,0.85280000,5.01000,s,l
2025-08-22 20:16:41,0.85280000,5.01000,s,l
2025-08-22 20:16:41,0.85280000,5.01000,s,l
2025-08-22 20:36:09,0.85260000,5.01000,s,l
2025-08-22 20:36:11,0.85260000,5.01000,s,l
2025-08-22 21:05:10,0.85230000,5.01000,s,l
2025-08-22 21:56:07,0.85100000,5.01000,s,l
2025-08-22 23:49:58,0.84900000,5.01000,b,l
2025-08-22 23:49:58,0.84900000,5.01000,b,l
2025-08-22 23:49:58,0.84900000,5.01000,b,l
2025-08-22 23:49:58,0.84900000,5.01000,b,l
2025-08-22 23:49:58,0.84900000,5.01000,b,l
2025-08-22 23:49:58,0.84900000,5.01000,b,l
2025-08-22 23:49:58,0.84900000,5.01000,b,l
2025-08-22 23:49:58,0.84900000,5.01000,b,l
2025-08-22 23:49:58,0.84900000,5.01000,b,l
2025-08-22 23:49:58,0.84900000,5.01000,b,l
2025-08-22 23:49:58,0.84900000,5.01000,b,l
2025-08-23 07:43:44,0.84830000,5.01000,b,l
2025-08-23 07:43:44,0.84830000,5.01000,b,l
2025-08-23 07:43:44,0.84830000,5.01000,b,l
2025-08-23 07:43:44,0.84830000,5.01000,b,l
2025-08-23 07:43:44,0.84830000,5.01000,b,l
2025-08-23 07:43:44,0.84830000,5.01000,b,l
2025-08-23 07:43:44,0.84830000,5.01000,b,l
2025-08-23 11:10:42,0.84740000,28.81788,s,m
2025-08-24 07:40:10,0.84870000,5.01000,s,l
2025-08-24 07:40:48,0.84870000,5.01000,s,l
2025-08-24 08:19:33,0.84850000,5.01000,b,l
2025-08-24 08:19:33,0.84840000,5.01000,b,l
2025-08-24 08:19:34,0.84840000,5.01000,b,l
2025-08-24 08:19:34,0.84840000,5.01000,b,l
2025-08-24 08:19:34,0.84840000,5.01000,b,l
2025-08-24 08:19:35,0.84820000,1.15350,b,l
2025-08-24 18:58:22,0.84810000,5.01000,b,l
2025-08-24 18:58:22,0.84810000,5.01000,b,l
2025-08-24 18:58:22,0.84810000,5.01000,b,l
2025-08-24 18:58:22,0.84810000,0.69210,b,l
2025-08-24 19:34:28,0.84840000,5.01000,s,l
2025-08-24 19:34:28,0.84840000,5.01000,s,l
2025-08-24 19:34:28,0.84840000,5.01000,s,l
2025-08-24 19:34:28,0.84840000,5.01000,s,l
2025-08-24 19:34:28,0.84840000,1.04240,s,l
2025-08-24 19:34:28,0.84770000,45.38741,s,l
2025-08-24 19:37:19,0.84830000,5.01000,s,l
2025-08-24 19:37:19,0.84830000,3.39344,s,l
2025-08-24 19:37:20,0.84840000,12.83034,s,l
2025-08-24 19:37:30,0.84700000,11.80776,s,l
2025-08-24 19:49:56,0.85020000,8.47905,s,l
2025-08-24 20:13:24,0.85060000,5.01000,b,l
2025-08-24 20:13:24,0.85060000,5.01000,b,l
2025-08-24 20:13:24,0.85060000,5.01000,b,l
2025-08-24 20:13:24,0.85060000,2.83620,b,l
2025-08-24 20:16:18,0.85050000,5.01000,b,l
2025-08-24 20:16:18,0.85050000,5.01000,b,l
2025-08-24 20:16:18,0.85050000,0.69980,b,l
2025-08-24 20:45:46,0.85190000,5.01000,b,l
2025-08-25 03:13:00,0.85740000,5.00000,b,l
2025-08-25 05:45:36,0.85730000,11.38000,b,l
2025-08-25 14:16:03,0.85340000,1.24370,s,l
2025-08-25 15:25:33,0.85710000,56.91340,b,l
2025-08-27 08:11:10,0.86200000,33.45502,b,l
2025-08-27 08:11:26,0.86210000,190.05161,b,l
2025-08-27 08:11:26,0.86210000,190.09412,b,l
2025-08-27 08:11:26,0.86210000,190.13664,b,l
2025-08-27 08:11:26,0.86210000,190.17915,b,l
2025-08-27 08:11:26,0.86210000,190.22178,b,l
2025-08-27 08:11:26,0.86210000,40.01800,b,l
2025-08-27 17:17:19,0.85970000,5.01000,s,l
2025-08-27 17:42:53,0.85980000,5.01000,s,l
2025-08-27 20:44:53,0.89820000,5.01000,b,l
2025-08-27 20:44:53,0.89820000,4.76510,b,l
2025-08-27 21:52:57,0.85960000,5.01000,s,l
2025-08-27 21:56:40,0.85960000,5.01000,s,l
2025-08-28 10:19:54,0.85820000,5.28804,s,l
2025-08-29 12:32:53,0.85910000,5.01000,b,l
2025-08-29 12:32:53,0.85910000,5.01000,b,l
2025-08-29 18:56:38,0.85570000,5.01000,s,l
2025-08-30 15:09:04,0.85490000,8.19368,s,l
2025-08-30 15:09:08,0.85490000,8.19072,s,l
2025-08-30 15:09:12,0.85490000,8.18865,s,l
2025-08-30 18:39:48,0.85530000,8.19772,s,l
2025-08-30 18:39:52,0.85530000,8.19471,s,l
2025-08-31 00:03:12,0.85530000,8.20747,s,l
2025-08-31 00:03:16,0.85530000,8.20447,s,l
2025-08-31 17:48:40,0.85470000,8.21930,s,l
2025-08-31 17:48:44,0.85470000,6.12495,s,l
2025-08-31 22:42:45,0.85510000,5.01000,b,l
2025-08-31 22:44:42,0.85510000,5.01000,b,l
2025-09-01 00:47:39,0.85540000,5.01000,s,l
2025-09-01 00:47:39,0.85540000,5.01000,s,l
2025-09-01 02:49:20,0.85470000,5.01000,s,l
2025-09-01 06:38:45,0.85470000,2.18000,s,l
2025-09-01 06:38:45,0.85330000,4.99999,s,l
2025-09-01 06:38:45,0.85170000,7.17999,s,l
2025-09-01 07:34:36,0.85440000,8.15685,b,l
2025-09-01 10:54:17,0.85430000,11.94176,b,m
2025-09-01 14:46:56,0.85320000,8.21183,s,l
2025-09-01 14:47:00,0.85320000,8.21258,s,l
2025-09-01 14:48:21,0.85320000,8.19939,s,l
2025-09-01 23:03:12,0.85420000,5.01000,s,l
2025-09-02 09:02:17,0.85800000,5.01000,b,l
2025-09-02 09:02:17,0.85800000,5.01000,b,l
2025-09-02 09:02:18,0.85770000,3.39380,b,l
2025-09-02 10:12:58,0.85860000,5.01000,b,l
2025-09-02 10:15:35,0.85860000,5.01000,b,l
2025-09-02 10:23:32,0.88060000,5.94167,b,m
2025-09-03 05:53:49,0.88060000,6.78559,s,l
2025-09-03 05:53:49,0.88060000,8.17153,s,l
2025-09-03 05:53:49,0.88060000,12.10168,s,l
2025-09-03 05:53:49,0.88060000,75.14424,s,l
2025-09-04 21:46:56,0.85770000,8.33424,s,l
2025-09-04 21:47:00,0.85770000,8.33814,s,l
2025-09-04 21:47:04,0.85770000,8.33149,s,l
2025-09-04 21:47:08,0.85770000,8.32840,s,l
2025-09-10 20:40:02,0.82580000,5.01000,s,m
2025-09-10 20:40:02,0.82580000,5.01000,s,m
2025-09-10 20:40:02,0.82580000,2.29520,s,m
2025-09-10 20:40:02,0.82510000,5.00000,s,m
2025-09-13 01:10:25,0.85060000,5.01000,s,l
2025-09-13 01:10:25,0.85060000,2.55960,s,l
2025-09-13 01:10:25,0.85000000,3.81040,s,l
2025-09-14 07:59:48,0.84750000,11.56542,s,m
2025-09-14 07:59:48,0.84740000,15.33868,s,m
2025-09-14 07:59:48,0.84730000,21.57950,s,m
2025-09-15 04:18:52,0.90540000,5.01000,b,m
2025-09-15 04:18:52,0.90540000,0.21340,b,m
2025-09-15 04:29:41,0.90540000,5.01000,b,m
2025-09-15 04:29:41,0.90540000,0.38865,b,m
2025-09-16 05:01:23,0.81040000,93.06741,s,m
2025-09-16 08:37:05,0.84860000,5.01000,s,l
2025-09-17 02:44:12,0.84860000,11.78411,s,l
2025-09-17 02:44:30,0.84860000,241.40145,s,l
2025-09-17 02:44:30,0.84860000,1728.78130,s,l
2025-09-17 02:45:49,0.81000000,10.00000,b,l
2025-09-17 02:46:22,0.80000000,10.00000,b,l
2025-09-17 02:46:55,0.82000000,10.00000,b,l
2025-09-17 02:47:16,0.83000000,10.00000,b,l
2025-09-17 02:47:53,0.84000000,10.00000,b,l
2025-09-17 02:48:14,0.84000000,10.00000,b,l
2025-09-17 02:48:29,0.84100000,10.00000,b,l
2025-09-17 02:49:28,0.84200000,1911.94774,b,l
2025-09-17 02:49:28,0.84200000,0.01912,b,l
2025-09-20 04:49:28,0.85010000,8.72153,s,l
2025-09-21 17:01:09,0.85140000,19.15400,b,l
2025-09-22 00:01:30,0.85200000,19.64350,b,l
2025-09-22 00:51:03,0.85260000,10.00075,b,l
2025-09-22 07:26:19,0.85140000,8.46852,s,l
2025-09-22 08:08:01,0.85140000,9.14958,s,l
2025-09-22 08:13:03,0.85090000,5.01000,s,l
2025-09-22 08:14:11,0.85080000,18.16670,s,l
2025-09-22 09:42:47,0.85030000,5.41938,s,l
2025-09-22 10:09:40,0.84970000,18.18950,s,l
2025-09-22 12:57:32,0.84910000,6.53544,s,l
2025-09-22 12:57:32,0.84910000,6.53544,s,l
2025-09-22 17:10:40,0.84850000,8.45484,s,l
2025-09-22 17:33:36,0.84850000,8.46454,s,l
2025-09-23 00:52:40,0.84850000,2.27152,s,l
2025-09-23 00:52:40,0.84800000,19.64849,s,l
2025-09-23 00:54:08,0.84740000,8.45484,s,l
2025-09-23 01:20:00,0.84740000,8.45501,s,l
2025-09-23 20:44:58,0.84740000,17.70130,s,l
2025-09-23 22:00:39,0.84680000,18.25000,s,l
2025-09-24 06:01:16,0.84640000,8.48517,s,l
2025-09-24 06:26:37,0.84800000,18.68870,b,l
2025-09-24 08:00:23,0.84850000,18.67830,b,l
2025-09-24 08:16:35,0.84900000,5.01000,b,l
2025-09-24 08:16:35,0.84900000,5.01000,b,l
2025-09-24 08:16:35,0.84900000,1.73340,b,l
2025-09-24 08:16:40,0.84900000,5.01000,b,l
2025-09-24 08:16:41,0.84900000,4.73940,b,l
2025-09-24 08:16:41,0.84900000,5.01000,b,l
2025-09-24 08:16:53,0.84910000,19.20170,b,l
2025-09-24 09:41:48,0.84970000,19.69110,b,l
2025-09-24 10:21:39,0.85030000,10.00200,b,l
2025-09-24 10:21:40,0.85030000,10.00200,b,l
2025-09-24 10:41:41,0.85030000,0.14670,b,l
2025-09-24 11:02:04,0.85080000,8.45532,b,l
2025-09-24 12:46:20,0.85140000,10.00200,b,l
2025-09-24 12:46:20,0.85140000,10.00200,b,l
2025-09-24 13:12:14,0.85200000,10.00200,b,l
2025-09-24 13:12:20,0.85200000,10.00200,b,l
2025-09-24 13:26:41,0.85200000,2.12240,b,l
2025-09-24 13:43:41,0.85260000,10.00200,b,l
2025-09-24 19:14:00,0.85320000,8.50340,b,l
2025-09-24 22:03:52,0.85140000,8.55067,s,l
2025-09-24 22:03:56,0.85140000,8.54755,s,l
2025-09-25 08:40:56,0.85140000,8.43285,s,l
2025-09-25 09:55:21,0.85140000,5.89510,s,l
2025-09-25 12:31:26,0.85320000,10.00200,b,l
2025-09-25 12:31:27,0.85320000,8.57890,b,l
2025-09-25 12:32:48,0.85370000,10.00200,b,l
2025-09-25 12:32:48,0.85370000,9.10449,b,l
2025-09-25 12:40:34,0.85430000,19.59610,b,l
2025-09-25 12:41:00,0.85320000,8.39469,s,l
2025-09-25 12:41:04,0.85260000,8.39611,s,l
2025-09-25 12:41:08,0.85260000,8.39559,s,l
2025-09-25 12:41:42,0.85430000,18.55830,b,l
2025-09-25 12:51:00,0.85490000,20.05580,b,l
2025-09-25 14:00:30,0.85550000,7.01594,b,l
2025-09-25 14:00:30,0.85550000,6.98341,b,l
2025-09-25 14:00:31,0.85550000,6.48945,b,l
2025-09-25 14:15:06,0.85600000,9.88671,b,l
2025-09-25 14:15:06,0.85600000,9.95577,b,l
2025-09-25 15:04:39,0.85600000,1.05762,b,l
2025-09-25 15:10:34,0.85660000,6.44272,b,l
2025-09-25 15:10:34,0.85660000,6.44272,b,l
2025-09-25 15:10:35,0.85660000,6.44272,b,l
2025-09-25 16:07:26,0.85660000,5.93259,s,l
2025-09-25 16:07:33,0.85660000,11.57851,s,l
2025-09-25 18:56:28,0.85840000,7.78896,b,l
2025-09-25 19:30:42,0.85720000,8.28297,s,l
2025-09-26 03:09:48,0.85670000,5.01000,s,l
2025-09-26 03:09:48,0.85670000,5.01000,s,l
2025-09-26 04:36:02,0.85830000,7.61546,b,l
2025-09-26 04:36:30,0.85670000,2.08220,s,l
2025-09-26 04:36:30,0.85660000,3.04586,s,l
2025-09-26 04:36:36,0.85660000,14.46524,s,l
2025-09-26 08:42:24,0.85600000,17.52340,s,l
2025-09-26 14:13:44,0.85550000,17.53370,s,l
2025-09-26 14:49:40,0.85490000,10.00199,s,l
2025-09-26 14:49:40,0.85490000,7.54401,s,l
2025-09-26 19:35:50,0.85430000,8.22847,s,l
2025-09-26 19:35:54,0.85390000,8.24988,s,l
2025-09-26 19:35:58,0.85390000,8.23071,s,l
2025-09-26 21:21:30,0.85550000,8.17024,b,l
2025-09-26 21:21:34,0.85600000,8.16948,b,l
2025-09-26 21:21:38,0.85590000,8.17051,b,l
2025-09-27 04:35:06,0.85430000,8.26227,s,l
2025-09-27 18:08:14,0.85420000,8.23940,s,l
2025-09-28 16:04:19,0.85550000,10.04167,b,l
2025-09-29 00:06:23,0.85440000,5.01000,s,l
2025-09-29 00:06:23,0.85440000,5.01000,s,l
2025-09-29 00:06:28,0.85450000,5.01000,s,l
2025-09-29 00:06:28,0.85450000,5.01000,s,l
2025-09-29 00:06:28,0.85450000,0.11480,s,l
2025-09-29 00:06:28,0.85450000,5.01000,s,l
2025-09-29 00:06:32,0.85450000,5.01000,s,l
2025-09-29 00:06:58,0.85430000,9.99421,s,l
2025-09-29 01:10:30,0.85370000,8.45225,s,l
2025-09-29 01:10:34,0.85370000,8.44914,s,l
2025-09-29 07:20:07,0.85370000,1.20541,s,l
2025-09-29 07:20:07,0.85320000,18.61999,s,l
2025-09-29 12:39:39,0.85260000,18.12950,s,l
2025-09-29 12:54:10,0.85200000,13.13331,s,l
2025-09-29 13:35:32,0.85140000,19.13070,s,l
2025-09-29 15:12:02,0.85260000,18.59330,b,l
2025-09-29 18:02:22,0.85310000,5.01000,b,l
2025-09-30 00:47:37,0.85310000,5.01000,b,l
2025-09-30 00:47:37,0.85310000,5.01000,b,l
2025-09-30 00:47:37,0.85310000,5.01000,b,l
2025-09-30 00:47:37,0.85310000,1.02510,b,l
2025-09-30 00:47:42,0.85310000,5.01000,b,l
2025-09-30 00:47:42,0.85310000,5.01000,b,l
2025-09-30 00:49:17,0.85320000,18.58090,b,l
2025-09-30 06:39:45,0.85200000,17.60570,s,l
2025-09-30 07:17:50,0.85150000,5.01000,s,l
2025-09-30 08:34:16,0.85150000,4.88030,s,l
2025-09-30 08:34:16,0.85140000,17.61809,s,l
2025-09-30 08:42:57,0.85080000,19.59030,s,l
2025-09-30 12:51:49,0.85200000,10.00502,b,l
2025-09-30 12:51:49,0.85200000,8.60068,b,l
2025-09-30 13:08:19,0.85260000,10.00506,b,l
2025-09-30 13:08:19,0.85260000,8.58824,b,l
2025-09-30 14:22:10,0.85140000,8.55337,s,l
2025-09-30 14:22:18,0.85140000,8.54980,s,l
2025-10-01 00:24:02,0.85320000,8.52189,b,l
2025-10-01 03:03:58,0.85320000,8.53889,b,l
2025-10-01 05:02:39,0.85140000,0.51493,s,l
2025-10-01 05:02:39,0.85080000,17.63049,s,l
2025-10-01 06:41:16,0.85030000,9.99924,s,l
2025-10-01 06:41:17,0.85030000,9.99924,s,l
2025-10-01 07:12:11,0.84970000,9.99817,s,l
2025-10-01 07:12:11,0.84970000,9.99817,s,l
2025-10-01 08:30:50,0.85140000,8.58536,b,l
2025-10-01 08:30:54,0.85200000,8.58324,b,l
2025-10-01 08:30:58,0.85200000,8.58043,b,l
2025-10-01 10:20:41,0.85200000,1.44203,b,l
2025-10-01 10:22:40,0.85260000,7.01413,b,l
2025-10-01 10:22:40,0.85260000,7.01413,b,l
2025-10-01 12:17:18,0.85140000,9.99593,s,l
2025-10-01 12:17:24,0.85140000,7.62217,s,l
2025-10-01 12:18:20,0.85080000,8.90196,s,l
2025-10-01 12:18:20,0.85080000,8.72854,s,l
2025-10-01 13:26:22,0.85030000,9.99910,s,l
2025-10-01 14:10:13,0.85140000,8.78541,b,l
2025-10-01 14:15:38,0.85140000,9.83269,b,l
2025-10-01 15:17:50,0.85200000,15.86053,b,l
2025-10-01 15:18:33,0.85200000,2.74517,b,l
2025-10-01 15:20:24,0.85260000,7.03518,b,l
2025-10-01 15:20:30,0.85260000,8.20770,b,l
2025-10-02 02:35:58,0.85140000,8.90663,s,l
2025-10-02 07:11:58,0.85140000,8.71147,s,l
2025-10-02 07:11:58,0.85080000,17.63050,s,l
2025-10-02 07:11:58,0.85030000,17.64090,s,l
2025-10-02 07:11:58,0.84970000,17.65330,s,l
2025-10-02 07:11:58,0.84910000,16.60523,s,l
2025-10-02 07:11:58,0.84910000,1.59677,s,l
2025-10-02 07:11:58,0.84850000,18.71740,s,l
2025-10-02 07:11:58,0.84800000,19.20130,s,l
2025-10-02 07:11:58,0.84740000,19.66110,s,l
2025-10-02 07:11:58,0.84680000,19.06483,s,l
2025-10-02 07:42:01,0.85030000,11.15767,b,l
2025-10-02 07:42:01,0.85030000,7.48323,b,l
2025-10-02 08:21:27,0.85080000,18.63050,b,l
2025-10-02 12:43:32,0.85140000,18.61810,b,l
2025-10-02 13:16:05,0.85200000,18.60570,b,l
2025-10-02 13:43:35,0.85260000,18.59330,b,l
2025-10-02 14:04:43,0.85320000,10.00100,b,l
2025-10-02 14:04:43,0.85320000,9.11580,b,l
2025-10-02 14:12:38,0.85360000,5.01000,b,l
2025-10-02 14:12:43,0.85330000,5.01000,b,l
2025-10-02 14:12:43,0.85330000,2.56710,b,l
2025-10-02 15:14:12,0.85370000,19.60840,b,l
2025-10-02 15:15:37,0.85430000,20.06810,b,l
2025-10-02 15:23:41,0.85490000,8.93550,b,l
2025-10-02 15:25:15,0.85490000,8.94909,b,l
2025-10-02 15:52:04,0.85490000,2.61651,b,l
2025-10-02 16:12:10,0.85550000,20.91040,b,l
2025-10-02 16:12:10,0.85600000,21.30020,b,l
2025-10-02 16:12:10,0.85600000,77.07275,s,l
2025-10-02 16:12:10,0.85370000,17.57060,s,l
2025-10-02 16:12:10,0.85320000,17.58090,s,l
2025-10-02 16:12:10,0.85290000,77.07274,s,l
2025-10-02 16:56:23,0.85380000,5.01000,s,l
2025-10-02 16:56:23,0.85380000,5.01000,s,l
2025-10-02 16:56:27,0.85390000,5.01000,s,l
2025-10-02 16:56:28,0.85390000,4.55300,s,l
2025-10-02 16:56:28,0.85390000,5.01000,s,l
2025-10-02 16:59:18,0.85370000,17.57060,s,l
2025-10-02 17:20:24,0.85320000,8.98683,s,l
2025-10-02 19:09:38,0.85260000,17.59330,s,l
2025-10-02 20:41:16,0.85260000,17.59330,s,l
2025-10-03 00:35:51,0.85200000,9.06317,s,l
2025-10-03 00:35:55,0.85150000,9.06218,s,l
2025-10-03 00:59:47,0.85150000,9.06510,s,l
2025-10-03 00:59:55,0.85150000,9.07304,s,l
2025-10-03 01:00:03,0.85150000,9.05873,s,l
2025-10-03 01:00:56,0.85140000,9.06648,s,l
2025-10-03 01:00:59,0.85140000,8.55162,s,l
2025-10-03 01:01:03,0.85120000,9.06310,s,l
2025-10-03 01:02:20,0.85120000,9.06690,s,l
2025-10-03 01:02:27,0.85120000,9.06177,s,l
2025-10-03 01:07:54,0.85140000,157.91954,s,l
2025-10-03 01:26:53,0.85260000,18.59330,b,l
2025-10-03 02:17:39,0.85150000,9.06225,s,l
2025-10-03 02:35:11,0.85320000,8.96819,b,l
2025-10-03 03:25:19,0.85150000,48.52875,s,m
2025-10-03 05:16:03,0.85150000,6.60298,s,l
2025-10-03 05:54:11,0.85150000,9.04292,s,l
2025-10-03 08:56:43,0.85140000,17.61810,s,l
2025-10-03 14:22:27,0.85080000,17.63050,s,l
2025-10-03 16:46:33,0.85030000,17.64090,s,l
2025-10-03 16:55:00,0.84970000,17.65330,s,l
2025-10-03 16:55:00,0.84910000,17.66580,s,l
2025-10-03 16:55:00,0.84860000,569.28574,s,l
2025-10-03 17:40:26,0.85030000,9.23276,b,l
2025-10-03 19:49:25,0.85020000,5.01000,b,l
2025-10-03 19:51:03,0.85020000,5.01000,b,l
2025-10-03 19:51:03,0.85020000,5.01000,b,l
2025-10-03 19:51:03,0.85020000,2.35950,b,l
2025-10-03 19:51:06,0.85020000,5.01000,b,l
2025-10-03 19:51:06,0.85020000,5.01000,b,l
2025-10-03 19:51:38,0.85030000,9.40814,b,l
2025-10-04 01:53:55,0.85080000,5.76776,b,l
2025-10-04 06:53:55,0.85140000,18.61810,b,l
2025-10-04 06:53:55,0.85140000,80.82955,s,l
2025-10-04 06:53:55,0.85140000,0.08253,s,l
2025-10-04 06:53:55,0.84980000,5.01000,s,l
2025-10-04 06:53:55,0.84980000,5.01000,s,l
2025-10-04 06:53:55,0.84980000,0.72110,s,l
2025-10-04 06:53:55,0.84970000,17.65330,s,l
2025-10-04 06:53:55,0.84910000,17.66580,s,l
2025-10-04 06:53:55,0.84910000,34.76934,s,l
2025-10-04 09:41:03,0.85080000,9.15955,b,l
2025-10-04 14:29:46,0.84980000,5.01000,s,l
2025-10-04 14:29:58,0.84970000,11.11397,s,l
2025-10-04 14:48:33,0.84970000,6.53933,s,l
2025-10-04 15:22:14,0.84910000,9.15738,s,l
2025-10-05 02:39:43,0.84850000,17.67830,s,l
2025-10-05 02:40:05,0.84800000,17.68870,s,l
2025-10-05 02:40:50,0.84740000,17.70130,s,l
2025-10-05 04:47:50,0.84680000,17.71380,s,l
2025-10-05 05:06:07,0.84630000,10.00102,s,l
2025-10-05 05:06:07,0.84630000,8.25948,s,l
2025-10-05 09:16:48,0.84570000,9.34323,s,l
2025-10-05 09:29:31,0.84570000,9.29780,s,l
2025-10-05 18:02:21,0.84740000,5.33494,b,l
2025-10-05 18:43:27,0.84800000,18.68870,b,l
2025-10-05 18:48:59,0.84850000,18.67830,b,l
2025-10-05 19:11:16,0.84910000,18.66580,b,l
2025-10-05 20:43:53,0.84970000,9.19896,b,l
2025-10-05 21:02:15,0.84870000,9.19678,s,l
2025-10-05 21:05:12,0.85030000,11.07607,b,l
2025-10-05 21:05:12,0.85030000,7.56483,b,l
2025-10-06 00:05:45,0.85080000,10.08991,b,l
2025-10-06 00:49:01,0.85140000,10.09410,b,l
2025-10-06 01:50:45,0.85100000,5.01000,b,l
2025-10-06 01:52:00,0.85160000,5.01000,b,l
2025-10-06 01:53:46,0.85170000,5.01000,b,l
2025-10-06 01:55:30,0.85160000,5.01000,b,l
2025-10-06 02:13:06,0.85200000,10.06271,b,l
2025-10-06 06:42:18,0.85200000,8.54299,b,l
2025-10-06 06:50:31,0.85260000,18.59330,b,l
2025-10-06 07:40:57,0.85320000,9.61271,b,l
2025-10-06 07:41:18,0.85370000,18.57060,b,l
2025-10-06 07:44:45,0.85430000,18.55830,b,l
2025-10-06 07:45:11,0.85490000,5.77150,b,l
2025-10-06 07:45:12,0.85490000,12.77450,b,l
2025-10-06 07:49:09,0.85550000,18.53370,b,l
2025-10-06 07:50:52,0.85600000,18.52340,b,l
2025-10-06 08:13:19,0.85660000,19.04700,b,l
2025-10-06 08:14:26,0.85720000,19.53670,b,l
2025-10-06 08:25:09,0.85600000,10.69673,s,l
2025-10-06 08:30:53,0.85550000,10.35617,s,l
2025-10-06 08:30:54,0.85550000,7.17753,s,l
2025-10-06 08:36:31,0.85490000,5.89295,s,l
2025-10-06 08:36:31,0.85490000,5.89295,s,l
2025-10-06 10:34:23,0.85660000,7.84443,b,l
2025-10-06 11:42:18,0.85550000,17.53370,s,l
2025-10-06 12:17:28,0.85490000,17.54600,s,l
2025-10-06 12:19:37,0.85480000,5.01000,s,l
2025-10-06 12:19:37,0.85480000,5.01000,s,l
2025-10-06 12:19:44,0.85480000,5.01000,s,l
2025-10-06 12:19:44,0.85480000,3.39260,s,l
2025-10-06 12:19:44,0.85480000,5.01000,s,l
2025-10-06 13:03:18,0.85430000,17.55830,s,l
2025-10-06 14:03:14,0.85370000,17.57060,s,l
2025-10-06 14:04:29,0.85490000,18.54600,b,l
2025-10-06 14:04:29,0.85550000,18.53370,b,l
2025-10-06 14:04:29,0.85550000,5.01000,b,l
2025-10-06 14:25:56,0.85430000,11.00180,s,l
2025-10-06 14:25:56,0.85430000,6.55650,s,l
2025-10-06 14:52:23,0.85370000,17.57060,s,l
2025-10-06 14:56:18,0.85320000,17.58090,s,l
2025-10-06 16:34:54,0.85260000,17.59330,s,l
2025-10-06 17:52:56,0.85200000,17.60570,s,l
2025-10-06 19:13:21,0.85140000,17.61810,s,l
2025-10-06 20:20:06,0.85170000,5.01000,b,l
2025-10-06 20:20:06,0.85170000,5.01000,b,l
2025-10-07 01:38:37,0.85260000,18.59330,b,l
2025-10-07 01:49:31,0.85310000,5.01000,b,l
2025-10-07 01:49:43,0.85290000,5.01000,b,l
2025-10-07 02:07:04,0.85320000,18.58090,b,l
2025-10-07 03:18:41,0.85370000,9.29180,b,l
2025-10-07 05:39:38,0.85430000,11.00447,b,l
2025-10-07 05:39:38,0.85430000,7.55383,b,l
2025-10-07 05:39:56,0.85490000,9.32509,b,l
2025-10-07 05:39:59,0.85490000,9.22091,b,l
2025-10-07 05:40:03,0.85550000,9.32452,b,l
2025-10-07 09:14:17,0.85600000,10.10900,b,l
2025-10-07 09:14:17,0.85600000,6.68111,b,l
2025-10-07 09:44:28,0.85600000,1.73329,b,l
2025-10-07 11:25:19,0.85660000,11.00113,b,l
2025-10-07 11:25:19,0.85660000,7.50997,b,l
2025-10-07 12:45:14,0.85720000,9.33118,b,l
2025-10-07 14:29:03,0.85720000,9.16772,b,l
2025-10-07 15:05:15,0.85780000,10.06271,b,l
2025-10-07 15:10:38,0.85660000,17.51110,s,l
2025-10-07 15:21:34,0.85600000,9.22131,s,l
2025-10-07 15:21:37,0.85550000,9.22286,s,l
2025-10-07 15:21:40,0.85550000,8.31084,s,l
2025-10-07 19:06:55,0.85720000,9.09221,b,l
2025-10-07 19:07:29,0.85720000,9.10478,b,l
2025-10-07 19:20:40,0.85720000,0.30191,b,l
2025-10-07 19:43:21,0.85780000,18.48660,b,l
2025-10-08 00:29:57,0.85840000,19.01030,b,l
2025-10-08 00:40:05,0.85720000,10.11631,s,l
2025-10-08 01:00:08,0.85840000,18.47440,b,l
2025-10-08 01:27:21,0.85900000,5.10303,b,l
2025-10-08 01:27:21,0.85900000,5.10303,b,l
2025-10-08 01:27:21,0.85900000,9.29394,b,l
2025-10-08 02:08:48,0.85950000,19.96190,b,l
2025-10-08 04:41:06,0.86010000,20.39500,b,l
2025-10-08 06:17:32,0.86070000,20.80440,b,l
2025-10-08 07:23:26,0.86130000,9.09381,b,l
2025-10-08 12:14:11,0.85950000,9.24783,s,l
2025-10-08 13:15:49,0.85950000,8.20427,s,l
2025-10-08 13:30:20,0.86070000,9.14563,b,l
2025-10-08 13:30:23,0.86070000,9.14786,b,l
2025-10-08 13:43:06,0.85950000,9.17010,s,l
2025-10-08 13:43:25,0.85950000,8.28200,s,l
2025-10-08 15:53:56,0.86130000,18.41560,b,l
2025-10-08 19:57:38,0.86020000,5.01000,s,l
2025-10-08 19:57:38,0.86020000,5.01000,s,l
2025-10-08 19:57:43,0.86080000,5.01000,s,l
2025-10-08 19:57:43,0.86080000,5.01000,s,l
2025-10-08 19:57:43,0.86080000,1.53150,s,l
2025-10-08 19:57:43,0.86010000,3.47849,s,l
2025-10-08 19:57:43,0.86010000,5.00999,s,l
2025-10-08 19:57:44,0.86080000,5.01000,s,l
2025-10-08 19:57:51,0.86080000,5.01000,s,l
2025-10-08 20:58:23,0.85950000,9.23111,s,l
2025-10-08 21:00:01,0.85950000,8.22099,s,l
2025-10-09 01:02:04,0.85900000,9.22372,s,l
2025-10-09 02:25:47,0.85840000,9.19329,s,l
2025-10-09 02:57:20,0.85840000,8.28111,s,l
2025-10-09 02:57:23,0.85780000,9.18773,s,l
2025-10-09 02:57:32,0.85780000,8.29887,s,l
2025-10-09 03:22:23,0.85780000,8.59453,s,l
2025-10-09 03:22:26,0.85780000,9.21159,s,l
2025-10-09 03:22:29,0.85780000,9.20545,s,l
2025-10-09 06:00:41,0.85900000,18.46220,b,l
2025-10-09 06:12:06,0.85950000,18.45210,b,l
2025-10-09 06:28:27,0.86000000,5.01000,b,l
2025-10-09 06:28:27,0.86000000,5.01000,b,l
2025-10-09 06:28:29,0.85970000,3.67380,b,l
2025-10-09 06:30:02,0.86010000,18.43990,b,l
2025-10-09 06:52:50,0.86070000,18.42770,b,l
2025-10-09 08:07:20,0.86080000,5.01000,b,l
2025-10-09 08:35:20,0.86120000,5.01000,b,l
2025-10-09 08:35:20,0.86120000,1.20230,b,l
2025-10-09 08:35:26,0.86130000,18.41560,b,l
2025-10-09 09:34:34,0.86070000,5.01000,s,l
2025-10-09 09:34:34,0.86070000,5.01000,s,l
2025-10-09 09:34:46,0.86080000,5.01000,s,l
2025-10-09 09:37:30,0.86050000,5.01000,s,l
2025-10-09 13:42:29,0.86180000,5.01000,b,l
2025-10-09 13:42:30,0.86180000,5.01000,b,l
2025-10-09 13:42:31,0.86150000,1.72330,b,l
2025-10-09 13:42:31,0.86190000,18.93940,b,l
2025-10-09 14:22:36,0.86240000,19.43120,b,l
2025-10-09 14:28:07,0.86300000,19.89110,b,l
2025-10-09 14:28:07,0.86300000,5.01000,b,l
2025-10-09 14:28:11,0.86270000,2.03600,b,l
2025-10-09 15:08:02,0.86360000,20.32430,b,l
2025-10-09 15:28:11,0.86420000,20.73380,b,l
2025-10-09 15:40:04,0.86480000,21.12190,b,l
2025-10-09 16:02:01,0.86540000,9.06416,b,l
2025-10-09 18:50:25,0.86540000,12.42654,b,l
2025-10-09 20:05:17,0.86480000,16.11531,s,l
2025-10-09 23:38:30,0.86480000,1.22979,s,l
2025-10-09 23:38:30,0.86420000,17.26398,s,l
2025-10-10 07:15:30,0.86390000,5.01000,s,l
2025-10-10 07:15:30,0.86390000,5.01000,s,l
2025-10-10 15:03:22,0.86390000,4.19910,s,l
2025-10-10 15:03:22,0.86360000,7.72832,s,l
2025-10-10 15:03:22,0.86360000,9.64087,s,l
2025-10-10 15:04:09,0.86300000,9.02565,s,l
2025-10-10 15:06:51,0.86240000,11.92287,s,l
2025-10-10 15:06:51,0.86240000,5.47052,s,l
2025-10-10 15:08:30,0.86190000,11.92421,s,l
2025-10-10 15:08:30,0.86190000,5.47928,s,l
2025-10-10 15:09:43,0.86130000,11.92311,s,l
2025-10-10 15:09:44,0.86130000,5.49248,s,l
2025-10-10 15:30:04,0.86070000,10.15423,s,l
2025-10-10 15:30:10,0.86070000,7.27347,s,l
2025-10-10 15:32:59,0.86010000,10.10388,s,l
2025-10-10 15:47:23,0.86130000,18.41560,b,l
2025-10-10 17:06:38,0.86190000,11.31805,b,l
2025-10-10 17:06:39,0.86190000,7.08545,b,l
2025-10-10 19:39:13,0.86090000,5.01000,b,l
2025-10-10 19:44:26,0.86070000,5.01000,b,l
2025-10-10 19:44:26,0.86070000,2.90130,b,l
2025-10-10 20:44:12,0.86240000,8.78832,b,l
2025-10-10 20:55:40,0.86210000,5.01000,s,l
2025-10-10 20:55:44,0.86210000,5.01000,s,l
2025-10-10 20:56:29,0.86190000,3.70530,s,l
2025-10-10 20:56:29,0.86130000,17.41560,s,l
2025-10-10 20:56:29,0.86070000,17.42770,s,l
2025-10-10 20:56:30,0.86070000,0.00028,b,l
2025-10-10 20:56:46,0.86020000,13.86243,s,l
2025-10-10 20:56:46,0.86010000,3.57747,s,l
2025-10-10 21:00:28,0.86240000,17.72921,b,l
2025-10-10 21:12:05,0.86130000,9.67691,s,l
2025-10-10 21:12:53,0.86240000,16.33642,b,l
2025-10-10 21:13:08,0.86130000,17.41560,s,l
2025-10-10 21:13:08,0.86130000,1273.87319,s,l
2025-10-10 21:13:09,0.86130000,1325.38665,s,l
2025-10-10 21:13:09,0.86130000,278.04656,s,l
2025-10-10 21:13:09,0.86130000,320.50297,s,l
2025-10-10 21:13:09,0.86300000,18.38130,b,l
2025-10-10 21:13:12,0.86150000,76.92202,s,l
2025-10-10 21:13:15,0.86170000,11.61845,s,l
2025-10-10 21:13:15,0.86170000,5.80924,s,l
2025-10-10 21:13:28,0.86160000,9.50619,s,l
2025-10-10 21:13:28,0.86160000,204.46409,s,l
2025-10-10 21:13:29,0.86360000,18.36920,b,l
2025-10-10 21:13:30,0.86130000,9.48042,s,l
2025-10-10 21:13:30,0.86130000,7.93517,s,l
2025-10-10 21:13:31,0.86150000,45.91795,b,l
2025-10-10 21:13:32,0.86080000,17.41560,s,l
2025-10-10 21:13:32,0.86080000,7.93518,s,l
2025-10-10 21:13:33,0.86080000,325.20219,s,l
2025-10-10 21:13:33,0.86070000,17.42770,s,l
2025-10-10 21:13:33,0.86010000,7.92308,s,l
2025-10-10 21:13:34,0.86150000,45.91795,b,l
2025-10-10 21:13:37,0.86420000,18.35710,b,l
2025-10-10 21:13:43,0.86220000,67.59420,s,l
2025-10-10 21:13:52,0.86250000,9.87794,s,l
2025-10-10 21:13:52,0.86190000,17.40350,s,l
2025-10-10 21:13:52,0.86150000,11.60031,b,l
2025-10-10 21:13:52,0.86150000,12.88839,b,l
2025-10-10 21:13:52,0.86150000,11.53031,b,l
2025-10-10 21:13:56,0.86480000,15.89157,b,l
2025-10-10 21:14:22,0.86360000,8.35262,s,l
2025-10-10 21:14:28,0.86360000,8.33292,s,l
2025-10-10 21:14:56,0.86540000,8.39426,b,l
2025-10-10 21:14:59,0.86540000,8.41177,b,l
2025-10-10 21:15:01,0.86360000,0.68366,s,l
2025-10-10 21:15:01,0.86360000,25.27871,s,l
2025-10-10 21:15:58,0.86360000,8.31187,s,l
2025-10-10 21:16:11,0.86360000,8.32489,s,l
2025-10-10 21:16:22,0.86360000,7.78307,s,l
2025-10-10 21:16:37,0.86360000,8.33718,s,l
2025-10-10 21:16:54,0.86360000,9.36996,s,l
2025-10-10 21:17:06,0.86360000,47.08290,s,l
2025-10-10 21:17:06,0.86360000,17.36920,s,l
2025-10-10 21:17:11,0.86310000,19.62469,s,l
2025-10-10 21:17:19,0.86300000,17.38130,s,l
2025-10-10 21:17:19,0.86300000,17.38130,s,l
2025-10-10 21:17:21,0.86250000,155.55996,s,l
2025-10-10 21:17:41,0.86540000,2.06297,b,l
2025-10-10 21:17:42,0.86250000,493.84490,s,l
2025-10-10 21:17:45,0.86600000,19.35890,b,l
2025-10-10 21:17:45,0.86650000,16.35487,b,l
2025-10-10 21:17:45,0.86250000,9.21785,s,l
2025-10-10 21:18:45,0.86360000,17.36920,s,l
2025-10-10 21:20:35,0.86360000,10.70000,s,l
2025-10-10 21:20:43,0.86540000,18.33310,b,l
2025-10-10 21:20:55,0.86360000,6.66920,s,l
2025-10-10 21:20:57,0.86300000,17.38130,s,l
2025-10-10 21:21:00,0.86420000,18.35710,b,l
2025-10-10 21:21:07,0.86240000,17.39340,s,l
2025-10-10 21:24:12,0.86650000,3.46603,b,l
2025-10-10 21:24:12,0.86710000,19.80890,b,l
2025-10-10 21:24:12,0.86770000,20.24220,b,l
2025-10-10 21:24:12,0.86830000,20.65190,b,l
2025-10-10 21:24:12,0.86890000,19.65459,b,l
2025-10-10 21:25:09,0.86890000,1.38551,b,l
2025-10-10 21:25:09,0.86950000,21.40890,b,l
2025-10-10 21:25:10,0.87010000,21.01620,b,l
2025-10-10 21:25:10,0.87070000,21.38520,b,l
2025-10-10 21:26:31,0.86830000,5.52120,s,l
2025-10-10 21:26:38,0.86830000,11.75400,s,l
2025-10-10 21:27:01,0.86650000,16.51684,s,l
2025-10-10 21:33:06,0.86650000,0.79426,s,l
2025-10-10 21:33:06,0.86600000,17.32109,s,l
2025-10-10 21:33:06,0.86540000,17.33310,s,l
2025-10-10 21:33:06,0.86480000,17.34510,s,l
2025-10-10 21:33:06,0.86420000,17.35710,s,l
2025-10-10 21:33:06,0.86360000,17.36920,s,l
2025-10-10 21:33:07,0.86300000,17.38130,s,l
2025-10-10 21:33:11,0.86240000,8.33680,s,l
2025-10-10 21:33:11,0.86240000,9.05660,s,l
2025-10-10 21:33:24,0.86190000,17.40350,s,l
2025-10-10 21:33:30,0.86130000,8.27617,s,l
2025-10-10 21:58:31,0.86420000,18.35710,b,l
2025-10-10 21:58:59,0.86770000,8.51603,b,l
2025-10-10 21:58:59,0.86770000,8.51115,b,l
2025-10-10 21:58:59,0.86770000,1.25992,b,l
2025-10-10 21:59:03,0.86830000,8.53163,b,l
2025-10-10 21:59:03,0.86830000,8.53417,b,l
2025-10-10 21:59:03,0.86830000,1.20940,b,l
2025-10-10 21:59:07,0.86890000,13.26341,b,l
2025-10-10 21:59:12,0.86950000,8.54482,b,l
2025-10-10 21:59:14,0.86950000,9.70648,b,l
2025-10-10 21:59:47,0.87010000,8.56733,b,l
2025-10-10 22:00:51,0.87010000,8.56931,b,l
2025-10-10 22:00:59,0.86830000,8.53771,s,l
2025-10-10 22:01:21,0.86770000,17.03649,s,l
2025-10-10 22:01:22,0.86950000,8.58337,b,l
2025-10-10 22:04:27,0.86950000,11.39203,s,l
2025-10-10 22:04:27,0.86950000,5.85927,s,l
2025-10-10 22:05:08,0.86890000,17.26330,s,l
2025-10-10 22:05:08,0.86830000,17.27520,s,l
2025-10-10 22:05:57,0.86770000,8.52955,s,l
2025-10-10 22:06:04,0.86770000,8.51910,s,l
2025-10-10 22:07:17,0.86770000,0.23845,s,l
2025-10-10 22:07:17,0.86710000,16.84033,s,l
2025-10-10 22:07:21,0.86650000,8.49048,s,l
2025-10-10 22:07:21,0.86650000,8.48802,s,l
2025-10-10 22:11:56,0.86830000,8.53236,b,l
2025-10-10 22:12:18,0.86830000,8.54896,b,l
2025-10-10 22:19:27,0.86650000,0.33260,s,l
2025-10-10 22:19:27,0.86600000,17.32110,s,l
2025-10-10 22:19:27,0.86540000,7.09880,s,l
2025-10-10 22:25:00,0.86830000,1.19388,b,l
2025-10-10 22:25:00,0.86890000,18.26330,b,l
2025-10-10 22:25:01,0.86950000,8.90588,b,l
2025-10-10 22:25:02,0.86950000,9.34542,b,l
2025-10-10 22:25:03,0.87010000,18.23940,b,l
2025-10-10 22:28:01,0.87070000,18.22760,b,l
2025-10-10 22:28:01,0.87120000,18.75360,b,l
2025-10-10 22:28:01,0.87180000,19.24360,b,l
2025-10-10 22:31:33,0.87080000,5.01000,s,l
2025-10-10 22:31:33,0.87080000,5.01000,s,l
2025-10-10 22:31:33,0.87080000,3.50530,s,l
2025-10-10 22:31:33,0.87070000,5.47470,s,l
2025-10-10 22:32:11,0.87070000,8.48121,s,l
2025-10-10 22:34:00,0.87070000,3.27169,s,l
2025-10-10 22:34:00,0.87010000,6.71729,s,l
2025-10-10 22:34:00,0.87010000,9.98898,s,l
2025-10-10 22:35:07,0.87240000,8.51009,b,l
2025-10-10 22:36:23,0.87070000,10.03068,s,l
2025-10-10 22:36:23,0.87070000,7.19692,s,l
2025-10-10 22:36:42,0.87010000,17.23940,s,l
2025-10-10 22:37:11,0.86950000,17.25130,s,l
2025-10-10 22:37:11,0.86890000,17.26330,s,l
2025-10-10 22:42:03,0.87070000,8.53220,b,l
2025-10-10 22:43:34,0.86950000,16.90627,s,l
2025-10-10 22:45:45,0.87120000,8.54473,b,l
2025-10-10 22:47:32,0.87120000,8.54434,b,l
2025-10-10 23:03:35,0.87120000,1.12863,b,l
2025-10-10 23:03:35,0.87180000,18.20580,b,l
2025-10-10 23:03:36,0.87240000,11.19371,b,l
2025-10-10 23:03:36,0.87300000,20.13730,b,l
2025-10-10 23:04:02,0.87180000,10.00148,s,l
