timestamp,price,volume,side,type
2025-03-04 11:51:28,0.94950000,561.00335,s,l
2025-03-04 11:51:28,0.94950000,245.90889,s,l
2025-03-04 11:59:02,0.94900000,610.32614,s,l
2025-03-04 11:59:09,0.94890000,641.91347,s,l
2025-03-04 11:59:09,0.94890000,358.08652,s,l
2025-03-04 11:59:10,0.94880000,610.00000,s,l
2025-03-04 11:59:10,0.94880000,390.00000,s,l
2025-03-04 12:02:49,0.94870000,999.66226,s,l
2025-03-04 12:23:50,0.94870000,0.33774,s,l
2025-03-04 12:23:50,0.94860000,998.97967,s,l
2025-03-05 01:05:45,0.96810000,10.85235,b,m
2025-03-05 02:19:39,0.94860000,1.02033,s,l
2025-03-05 12:43:11,0.96810000,5.00000,b,m
2025-03-05 12:48:12,0.93010000,5.00000,s,m
2025-03-05 14:33:22,0.93010000,156.57842,s,l
2025-03-05 14:33:23,0.93000000,348.63538,s,l
2025-03-05 14:33:23,0.93000000,348.70486,s,l
2025-03-05 14:33:23,0.93000000,302.65976,s,l
2025-03-07 07:15:40,0.92000000,7.60813,s,l
2025-03-07 13:34:32,0.92000000,992.39187,s,l
2025-03-10 14:23:40,0.91000000,5.49450,s,l
2025-03-10 14:26:34,0.96700000,5.60496,s,l
2025-03-10 16:42:52,0.92240000,159.20548,b,l
2025-03-10 16:46:38,0.92240000,2.37294,b,l
2025-03-10 16:46:38,0.92250000,1535.95558,b,l
2025-03-10 16:46:38,0.92250000,600.94143,b,l
2025-03-10 16:46:39,0.92250000,9.76656,b,l
2025-03-10 16:46:39,0.92250000,601.12563,b,l
2025-03-10 16:46:39,0.92250000,9.65095,b,l
2025-03-10 16:46:39,0.92250000,601.30989,b,l
2025-03-10 16:46:39,0.92250000,9.53534,b,l
2025-03-10 16:46:39,0.92250000,601.49421,b,l
2025-03-10 16:46:39,0.92250000,9.41963,b,l
2025-03-10 16:46:39,0.92250000,601.67858,b,l
2025-03-10 16:46:39,0.92250000,9.30391,b,l
2025-03-10 16:46:39,0.92250000,601.86301,b,l
2025-03-10 16:46:39,0.92250000,9.18809,b,l
2025-03-10 16:46:39,0.92250000,602.04750,b,l
2025-03-10 16:46:39,0.92250000,9.07237,b,l
2025-03-10 16:46:39,0.92250000,602.23204,b,l
2025-03-10 16:46:39,0.92250000,8.95633,b,l
2025-03-10 16:46:39,0.92250000,599.98392,b,l
2025-03-10 16:46:39,0.92250000,11.26310,b,l
2025-03-10 16:46:39,0.92250000,601.77037,b,l
2025-03-10 16:46:39,0.92250000,11.14824,b,l
2025-03-10 16:46:39,0.92250000,601.95483,b,l
2025-03-10 16:46:39,0.92250000,11.03328,b,l
2025-03-10 16:46:39,0.92250000,602.13934,b,l
2025-03-10 16:46:39,0.92250000,10.91832,b,l
2025-03-10 16:46:39,0.92250000,602.32391,b,l
2025-03-10 16:46:39,0.92250000,10.80304,b,l
2025-03-10 16:46:39,0.92250000,602.50854,b,l
2025-03-10 16:46:39,0.92250000,10.68775,b,l
2025-03-10 16:46:39,0.92250000,602.69322,b,l
2025-03-10 16:46:39,0.92250000,10.57247,b,l
2025-03-10 16:46:39,0.92250000,600.44990,b,l
2025-03-10 16:46:39,0.92250000,12.87513,b,l
2025-03-10 16:46:39,0.92250000,600.64818,b,l
2025-03-10 16:46:39,0.92250000,12.76125,b,l
2025-03-10 16:46:39,0.92250000,600.83229,b,l
2025-03-10 16:46:39,0.92250000,12.64715,b,l
2025-03-10 16:46:39,0.92250000,601.01646,b,l
2025-03-10 16:46:39,0.92250000,12.53306,b,l
2025-03-10 16:46:39,0.92250000,601.20069,b,l
2025-03-10 16:46:39,0.92250000,12.41875,b,l
2025-03-10 16:46:39,0.92250000,601.38497,b,l
2025-03-10 16:46:39,0.92250000,12.30443,b,l
2025-03-10 16:46:39,0.92250000,601.56931,b,l
2025-03-10 16:46:39,0.92250000,12.19012,b,l
2025-03-10 16:46:39,0.92250000,601.75371,b,l
2025-03-10 16:46:39,0.92250000,12.07570,b,l
2025-03-10 16:46:39,0.92250000,601.93816,b,l
2025-03-10 16:46:39,0.92250000,11.96128,b,l
2025-03-10 16:46:39,0.92250000,602.12267,b,l
2025-03-10 16:46:39,0.92250000,11.84675,b,l
2025-03-10 16:46:39,0.92250000,602.30724,b,l
2025-03-10 16:46:39,0.92250000,11.73200,b,l
2025-03-10 16:46:39,0.92250000,602.49186,b,l
2025-03-10 16:46:39,0.92250000,11.61704,b,l
2025-03-10 16:46:39,0.92250000,602.67654,b,l
2025-03-10 16:46:39,0.92250000,11.50208,b,l
2025-03-10 16:46:39,0.92250000,602.86128,b,l
2025-03-10 16:46:39,0.92250000,11.38702,b,l
2025-03-10 16:46:39,0.92250000,603.04607,b,l
2025-03-10 16:46:39,0.92250000,11.27195,b,l
2025-03-10 16:46:39,0.92250000,603.22059,b,l
2025-03-10 16:46:39,0.92250000,11.15688,b,l
2025-03-10 16:46:39,0.92250000,603.40549,b,l
2025-03-10 16:46:39,0.92250000,11.04159,b,l
2025-03-10 16:46:39,0.92250000,603.59045,b,l
2025-03-10 16:46:39,0.92250000,10.92620,b,l
2025-03-10 16:46:39,0.92250000,603.77547,b,l
2025-03-10 16:46:39,0.92250000,10.81081,b,l
2025-03-10 16:46:39,0.92250000,601.52904,b,l
2025-03-10 16:46:39,0.92250000,13.11682,b,l
2025-03-10 16:46:40,0.92250000,601.72916,b,l
2025-03-10 16:46:40,0.92250000,13.00272,b,l
2025-03-10 16:46:40,0.92250000,601.91360,b,l
2025-03-10 16:46:40,0.92250000,12.88863,b,l
2025-03-10 16:46:40,0.92250000,602.09810,b,l
2025-03-10 16:46:40,0.92250000,12.77442,b,l
2025-03-10 16:46:40,0.92250000,602.28266,b,l
2025-03-10 16:46:40,0.92250000,12.66000,b,l
2025-03-10 16:46:40,0.92250000,602.46727,b,l
2025-03-10 16:46:40,0.92250000,12.54547,b,l
2025-03-10 16:46:40,0.92250000,602.65194,b,l
2025-03-10 16:46:40,0.92250000,12.43094,b,l
2025-03-10 16:46:40,0.92250000,602.83667,b,l
2025-03-10 16:46:40,0.92250000,12.31652,b,l
2025-03-10 16:46:40,0.92250000,603.02145,b,l
2025-03-10 16:46:40,0.92250000,12.20199,b,l
2025-03-10 16:46:40,0.92250000,603.20629,b,l
2025-03-10 16:46:40,0.92250000,12.08736,b,l
2025-03-10 16:46:40,0.92250000,603.39119,b,l
2025-03-10 16:46:40,0.92250000,11.97240,b,l
2025-03-10 16:46:40,0.92250000,603.57614,b,l
2025-03-10 16:46:40,0.92250000,11.85744,b,l
2025-03-10 16:46:40,0.92250000,603.76115,b,l
2025-03-10 16:46:40,0.92250000,11.74237,b,l
2025-03-10 16:46:40,0.92250000,603.94622,b,l
2025-03-10 16:46:40,0.92250000,11.62730,b,l
2025-03-10 16:46:40,0.92250000,604.13134,b,l
2025-03-10 16:46:40,0.92250000,11.51212,b,l
2025-03-10 16:46:40,0.92250000,604.30618,b,l
2025-03-10 16:46:40,0.92250000,11.39695,b,l
2025-03-10 16:46:40,0.92250000,604.49141,b,l
2025-03-10 16:46:40,0.92250000,11.28145,b,l
2025-03-10 16:46:40,0.92250000,604.67670,b,l
2025-03-10 16:46:40,0.92250000,11.16605,b,l
2025-03-10 16:46:40,0.92250000,604.86205,b,l
2025-03-10 16:46:40,0.92250000,11.05055,b,l
2025-03-10 16:46:40,0.92250000,605.04746,b,l
2025-03-10 16:46:40,0.92250000,10.93505,b,l
2025-03-10 16:46:41,0.92250000,605.23292,b,l
2025-03-10 16:46:41,0.92250000,10.81945,b,l
2025-03-10 16:46:41,0.92250000,605.41844,b,l
2025-03-10 16:46:41,0.92250000,10.70384,b,l
2025-03-10 16:46:41,0.92250000,605.60402,b,l
2025-03-10 16:46:41,0.92250000,10.58780,b,l
2025-03-10 16:46:41,0.92250000,605.78965,b,l
2025-03-10 16:46:41,0.92250000,10.47176,b,l
2025-03-10 16:46:41,0.92250000,151.56680,b,l
2025-03-10 16:46:41,0.92250000,10.44607,b,l
2025-03-10 16:46:41,0.92250000,10.45060,b,l
2025-03-10 16:46:41,0.92250000,10.45513,b,l
2025-03-10 16:46:41,0.92250000,10.45967,b,l
2025-03-10 16:46:41,0.92250000,10.46431,b,l
2025-03-10 16:46:41,0.92250000,10.46895,b,l
2025-03-10 16:46:41,0.92250000,10.47348,b,l
2025-03-10 16:46:41,0.92250000,10.47802,b,l
2025-03-10 16:46:41,0.92250000,10.48255,b,l
2025-03-10 16:46:41,0.92250000,10.48709,b,l
2025-03-10 16:46:41,0.92250000,10.49173,b,l
2025-03-10 16:46:41,0.92250000,10.49637,b,l
2025-03-10 16:46:41,0.92250000,10.50101,b,l
2025-03-10 16:46:41,0.92250000,10.50554,b,l
2025-03-10 16:46:41,0.92250000,10.51008,b,l
2025-03-10 16:46:41,0.92250000,10.51472,b,l
2025-03-10 16:46:41,0.92250000,10.51936,b,l
2025-03-10 16:46:41,0.92250000,10.52400,b,l
2025-03-10 16:46:41,0.92250000,10.52864,b,l
2025-03-10 16:46:41,0.92250000,10.53318,b,l
2025-03-10 16:46:41,0.92250000,10.53771,b,l
2025-03-10 16:46:41,0.92250000,10.54235,b,l
2025-03-10 16:46:41,0.92250000,10.54699,b,l
2025-03-10 16:46:41,0.92250000,10.55164,b,l
2025-03-10 16:46:41,0.92250000,10.55628,b,l
2025-03-10 16:46:41,0.92250000,10.56092,b,l
2025-03-10 16:46:41,0.92250000,10.56556,b,l
2025-03-10 16:46:41,0.92250000,10.57020,b,l
2025-03-10 16:46:41,0.92250000,10.57484,b,l
2025-03-10 16:46:41,0.92250000,10.57949,b,l
2025-03-10 16:46:41,0.92250000,10.58413,b,l
2025-03-10 16:46:41,0.92250000,10.58877,b,l
2025-03-10 16:46:41,0.92250000,10.59341,b,l
2025-03-10 16:46:41,0.92250000,10.59805,b,l
2025-03-10 16:46:41,0.92250000,10.60269,b,l
2025-03-10 16:46:41,0.92250000,10.60734,b,l
2025-03-10 16:46:41,0.92250000,10.61198,b,l
2025-03-10 16:46:41,0.92250000,10.61662,b,l
2025-03-10 16:46:41,0.92250000,10.62126,b,l
2025-03-10 16:46:41,0.92250000,10.62590,b,l
2025-03-10 16:46:41,0.92250000,10.63054,b,l
2025-03-10 16:46:41,0.92250000,10.63519,b,l
2025-03-10 16:46:41,0.92250000,10.63983,b,l
2025-03-10 16:46:41,0.92250000,10.64458,b,l
2025-03-10 16:46:41,0.92250000,10.64933,b,l
2025-03-10 16:46:41,0.92250000,10.65397,b,l
2025-03-10 16:46:41,0.92250000,10.65861,b,l
2025-03-10 16:46:41,0.92250000,10.66325,b,l
2025-03-10 16:46:41,0.92250000,10.66800,b,l
2025-03-10 16:46:41,0.92250000,10.67275,b,l
2025-03-10 16:46:41,0.92250000,10.67750,b,l
2025-03-10 16:46:41,0.92250000,10.68214,b,l
2025-03-10 16:46:41,0.92250000,10.68678,b,l
2025-03-10 16:46:41,0.92250000,10.69142,b,l
2025-03-10 16:46:41,0.92250000,10.69617,b,l
2025-03-10 16:46:41,0.92250000,10.70092,b,l
2025-03-10 16:46:41,0.92250000,10.70567,b,l
2025-03-10 16:46:41,0.92250000,10.71031,b,l
2025-03-10 16:46:41,0.92250000,10.71496,b,l
2025-03-10 16:46:41,0.92250000,10.71960,b,l
2025-03-10 16:46:41,0.92250000,10.72435,b,l
2025-03-10 16:46:41,0.92250000,10.72910,b,l
2025-03-10 16:46:41,0.92250000,10.73385,b,l
2025-03-10 16:46:41,0.92250000,10.73849,b,l
2025-03-10 16:46:41,0.92250000,10.74313,b,l
2025-03-10 16:46:41,0.92250000,10.74788,b,l
2025-03-10 16:46:41,0.92250000,10.75263,b,l
2025-03-10 16:46:41,0.92250000,10.75738,b,l
2025-03-10 16:46:47,0.92250000,606.02180,b,l
2025-03-10 16:46:47,0.92250000,606.14712,b,l
2025-03-10 16:46:47,0.92250000,606.27247,b,l
2025-03-10 16:46:47,0.92250000,606.39784,b,l
2025-03-10 18:47:32,0.92180000,10.85235,s,m
2025-03-11 06:22:05,0.92000000,26.25552,b,l
2025-03-11 06:22:08,0.92000000,6.15387,b,l
2025-03-11 06:22:08,0.92000000,6.15441,b,l
2025-03-11 06:22:08,0.92000000,6.15495,b,l
2025-03-11 06:22:08,0.92000000,6.15549,b,l
2025-03-11 06:22:08,0.92000000,6.15603,b,l
2025-03-11 06:22:08,0.92000000,6.15668,b,l
2025-03-11 06:22:08,0.92000000,6.15733,b,l
2025-03-11 06:22:08,0.92000000,6.15798,b,l
2025-03-11 06:22:08,0.92000000,6.15863,b,l
2025-03-11 06:22:08,0.92000000,6.15928,b,l
2025-03-11 06:22:08,0.92000000,6.15993,b,l
2025-03-11 06:22:08,0.92000000,6.16058,b,l
2025-03-11 06:22:08,0.92000000,6.16123,b,l
2025-03-11 06:22:08,0.92000000,6.16188,b,l
2025-03-11 06:22:08,0.92000000,6.16253,b,l
2025-03-11 06:22:08,0.92000000,6.16307,b,l
2025-03-11 06:22:08,0.92000000,6.16361,b,l
2025-03-11 06:22:08,0.92000000,6.16415,b,l
2025-03-11 06:22:08,0.92000000,6.16469,b,l
2025-03-11 06:22:08,0.92000000,6.16523,b,l
2025-03-11 06:22:08,0.92000000,6.16578,b,l
2025-03-11 06:22:08,0.92000000,6.16632,b,l
2025-03-11 06:22:08,0.92000000,6.16686,b,l
2025-03-11 06:22:08,0.92000000,6.16740,b,l
2025-03-11 06:22:08,0.92000000,6.16794,b,l
2025-03-11 06:22:08,0.92000000,6.16848,b,l
2025-03-11 06:22:08,0.92000000,6.16902,b,l
2025-03-11 06:22:08,0.92000000,6.16957,b,l
2025-03-11 06:22:08,0.92000000,6.17011,b,l
2025-03-11 06:22:08,0.92000000,6.17065,b,l
2025-03-11 06:22:09,0.92000000,6.17119,b,l
2025-03-11 06:22:09,0.92000000,6.17173,b,l
2025-03-11 06:22:09,0.92000000,6.17227,b,l
2025-03-11 06:22:09,0.92000000,6.17281,b,l
2025-03-11 06:22:09,0.92000000,6.17335,b,l
2025-03-11 06:22:09,0.92000000,6.17390,b,l
2025-03-11 06:22:09,0.92000000,6.17444,b,l
2025-03-11 06:22:09,0.92000000,6.17498,b,l
2025-03-11 06:22:09,0.92000000,6.17552,b,l
2025-03-11 06:22:09,0.92000000,6.17606,b,l
2025-03-11 06:22:09,0.92000000,6.17660,b,l
2025-03-11 06:22:09,0.92000000,6.17714,b,l
2025-03-11 06:22:09,0.92000000,6.17768,b,l
2025-03-11 06:22:09,0.92000000,6.17823,b,l
2025-03-11 06:22:09,0.92000000,6.17877,b,l
2025-03-11 06:22:09,0.92000000,6.17931,b,l
2025-03-11 06:22:09,0.92000000,6.17985,b,l
2025-03-11 06:22:09,0.92000000,6.18039,b,l
2025-03-11 06:22:09,0.92000000,6.18093,b,l
2025-03-11 06:22:09,0.92000000,6.18147,b,l
2025-03-11 06:22:09,0.92000000,6.18202,b,l
2025-03-11 06:22:09,0.92000000,6.18256,b,l
2025-03-11 06:22:09,0.92000000,6.18310,b,l
2025-03-11 06:22:09,0.92000000,6.18364,b,l
2025-03-11 06:22:09,0.92000000,6.18429,b,l
2025-03-11 06:22:09,0.92000000,6.18494,b,l
2025-03-11 06:22:09,0.92000000,6.18559,b,l
2025-03-11 06:22:09,0.92000000,6.18624,b,l
2025-03-11 06:22:09,0.92000000,6.18689,b,l
2025-03-11 06:22:09,0.92000000,6.18754,b,l
2025-03-11 06:22:09,0.92000000,6.18819,b,l
2025-03-11 06:22:09,0.92000000,6.18884,b,l
2025-03-11 06:22:09,0.92000000,6.18949,b,l
2025-03-11 06:22:09,0.92000000,6.19014,b,l
2025-03-11 06:22:09,0.92000000,6.19078,b,l
2025-03-11 06:22:09,0.92000000,6.19143,b,l
2025-03-11 06:22:09,0.92000000,6.19208,b,l
2025-03-11 06:22:09,0.92000000,6.19263,b,l
2025-03-11 06:22:09,0.92000000,6.19317,b,l
2025-03-11 06:22:09,0.92000000,6.19371,b,l
2025-03-11 06:22:09,0.92000000,6.19425,b,l
2025-03-11 06:22:09,0.92000000,6.19479,b,l
2025-03-11 06:22:09,0.92000000,6.19533,b,l
2025-03-11 06:22:09,0.92000000,6.19587,b,l
2025-03-11 06:22:09,0.92000000,6.19641,b,l
2025-03-11 06:22:09,0.92000000,6.19696,b,l
2025-03-11 06:22:09,0.92000000,6.19750,b,l
2025-03-11 06:22:09,0.92000000,6.19804,b,l
2025-03-11 06:22:09,0.92000000,6.19858,b,l
2025-03-11 06:22:09,0.92000000,6.19912,b,l
2025-03-11 06:22:09,0.92000000,6.19966,b,l
2025-03-11 06:22:09,0.92000000,6.20020,b,l
2025-03-11 06:22:09,0.92000000,6.20074,b,l
2025-03-11 06:22:09,0.92000000,6.20129,b,l
2025-03-11 06:22:09,0.92000000,6.20183,b,l
2025-03-11 06:22:09,0.92000000,6.20237,b,l
2025-03-11 06:22:09,0.92000000,6.20291,b,l
2025-03-11 06:22:09,0.92000000,6.20345,b,l
2025-03-11 06:22:09,0.92000000,6.20399,b,l
2025-03-11 06:22:09,0.92000000,6.20453,b,l
2025-03-11 06:22:09,0.92000000,6.20507,b,l
2025-03-11 06:22:09,0.92000000,6.20562,b,l
2025-03-11 06:22:09,0.92000000,6.20616,b,l
2025-03-11 06:22:09,0.92000000,6.20670,b,l
2025-03-11 06:22:09,0.92000000,6.20724,b,l
2025-03-11 06:22:09,0.92000000,6.20778,b,l
2025-03-11 06:22:09,0.92000000,6.20832,b,l
2025-03-11 06:22:09,0.92000000,6.20886,b,l
2025-03-11 06:22:09,0.92000000,6.20941,b,l
2025-03-11 06:22:09,0.92000000,6.20995,b,l
2025-03-11 06:22:09,0.92000000,6.21049,b,l
2025-03-11 06:22:09,0.92000000,6.21103,b,l
2025-03-11 06:22:09,0.92000000,6.21168,b,l
2025-03-11 06:22:09,0.92000000,6.21233,b,l
2025-03-11 06:22:09,0.92000000,6.21298,b,l
2025-03-11 06:22:09,0.92000000,6.21363,b,l
2025-03-11 06:22:09,0.92000000,6.21428,b,l
2025-03-11 06:22:09,0.92000000,6.21493,b,l
2025-03-11 06:22:09,0.92000000,6.21558,b,l
2025-03-11 06:22:09,0.92000000,6.21623,b,l
2025-03-11 06:22:09,0.92000000,6.21688,b,l
2025-03-11 06:22:09,0.92000000,6.21752,b,l
2025-03-11 06:22:10,0.92000000,6.21817,b,l
2025-03-11 06:22:10,0.92000000,6.21882,b,l
2025-03-11 06:22:10,0.92000000,6.21947,b,l
2025-03-11 06:22:10,0.92000000,6.22012,b,l
2025-03-11 06:22:10,0.92000000,6.22077,b,l
2025-03-11 06:22:10,0.92000000,6.22131,b,l
2025-03-11 06:22:10,0.92000000,6.22186,b,l
2025-03-11 06:22:10,0.92000000,6.22240,b,l
2025-03-11 06:22:10,0.92000000,6.22294,b,l
2025-03-11 06:22:10,0.92000000,6.22348,b,l
2025-03-11 06:22:10,0.92000000,6.22402,b,l
2025-03-11 06:22:10,0.92000000,6.22456,b,l
2025-03-11 06:22:10,0.92000000,6.22510,b,l
2025-03-11 06:22:10,0.92000000,6.22564,b,l
2025-03-11 06:22:10,0.92000000,6.22619,b,l
2025-03-11 06:22:10,0.92000000,6.22673,b,l
2025-03-11 06:22:10,0.92000000,6.22727,b,l
2025-03-11 06:22:10,0.92000000,6.22781,b,l
2025-03-11 06:22:10,0.92000000,6.22835,b,l
2025-03-11 06:22:10,0.92000000,6.22889,b,l
2025-03-11 06:22:10,0.92000000,6.22943,b,l
2025-03-11 06:22:10,0.92000000,6.22998,b,l
2025-03-11 06:22:10,0.92000000,6.23052,b,l
2025-03-11 06:22:10,0.92000000,6.23106,b,l
2025-03-11 06:22:10,0.92000000,6.23160,b,l
2025-03-11 06:22:10,0.92000000,6.23214,b,l
2025-03-11 06:22:10,0.92000000,6.23268,b,l
2025-03-11 06:22:10,0.92000000,6.23322,b,l
2025-03-11 06:22:11,0.92000000,6.23376,b,l
2025-03-11 06:22:11,0.92000000,6.23431,b,l
2025-03-11 06:22:11,0.92000000,6.23485,b,l
2025-03-11 06:22:11,0.92000000,6.23539,b,l
2025-03-11 06:22:11,0.92000000,6.23593,b,l
2025-03-11 06:22:11,0.92000000,6.23647,b,l
2025-03-11 06:22:11,0.92000000,6.23701,b,l
2025-03-11 06:22:11,0.92000000,6.23766,b,l
2025-03-11 06:22:11,0.92000000,6.23831,b,l
2025-03-11 06:22:11,0.92000000,6.23896,b,l
2025-03-11 06:22:11,0.92000000,6.23961,b,l
2025-03-11 06:22:11,0.92000000,6.24026,b,l
2025-03-11 06:22:11,0.92000000,6.24091,b,l
2025-03-11 06:22:11,0.92000000,6.24156,b,l
2025-03-11 06:22:11,0.92000000,6.24221,b,l
2025-03-11 06:22:11,0.92000000,6.24286,b,l
2025-03-11 06:22:11,0.92000000,6.24351,b,l
2025-03-11 06:22:11,0.92000000,6.24416,b,l
2025-03-11 06:22:11,0.92000000,6.24481,b,l
2025-03-11 06:22:11,0.92000000,6.24546,b,l
2025-03-11 06:22:11,0.92000000,6.24611,b,l
2025-03-11 06:22:11,0.92000000,6.24676,b,l
2025-03-11 06:22:11,0.92000000,6.24740,b,l
2025-03-11 06:22:11,0.92000000,6.24805,b,l
2025-03-11 06:22:11,0.92000000,6.24870,b,l
2025-03-11 06:22:11,0.92000000,6.24935,b,l
2025-03-11 06:22:11,0.92000000,6.25000,b,l
2025-03-11 06:22:11,0.92000000,6.25065,b,l
2025-03-11 06:22:11,0.92000000,6.25119,b,l
2025-03-11 06:22:11,0.92000000,6.25174,b,l
2025-03-11 06:22:11,0.92000000,6.25228,b,l
2025-03-11 06:22:11,0.92000000,6.25282,b,l
2025-03-11 06:22:11,0.92000000,6.25336,b,l
2025-03-11 06:22:11,0.92000000,6.25390,b,l
2025-03-11 06:22:11,0.92000000,6.25444,b,l
2025-03-11 06:22:11,0.92000000,6.25498,b,l
2025-03-11 06:22:11,0.92000000,27.28570,b,l
2025-03-11 06:22:11,0.92000000,6.25011,b,l
2025-03-11 06:22:11,0.92000000,27.29121,b,l
2025-03-11 06:22:11,0.92000000,6.24524,b,l
2025-03-11 06:22:11,0.92000000,27.29672,b,l
2025-03-11 06:22:11,0.92000000,6.24048,b,l
2025-03-11 06:22:11,0.92000000,27.30223,b,l
2025-03-11 06:22:11,0.92000000,6.23571,b,l
2025-03-11 06:22:11,0.92000000,27.30775,b,l
2025-03-11 06:22:11,0.92000000,6.23084,b,l
2025-03-11 06:22:12,0.92000000,27.31327,b,l
2025-03-11 06:22:12,0.92000000,6.22594,b,l
2025-03-11 06:22:12,0.92000000,27.31879,b,l
2025-03-11 06:22:12,0.92000000,6.22172,b,l
2025-03-11 06:22:12,0.92000000,27.32431,b,l
2025-03-11 06:22:12,0.92000000,6.21750,b,l
2025-03-11 06:22:12,0.92000000,27.32983,b,l
2025-03-11 06:22:12,0.92000000,21119.88764,b,l
2025-03-11 06:22:13,0.92000000,27.33535,b,l
2025-03-11 06:22:14,0.92000000,6.20865,b,l
2025-03-11 06:22:14,0.92000000,27.34087,b,l
2025-03-11 06:22:15,0.92000000,6.20378,b,l
2025-03-11 06:22:15,0.92000000,27.34639,b,l
2025-03-11 06:22:15,0.92000000,6.19890,b,l
2025-03-11 06:22:15,0.92000000,27.35191,b,l
2025-03-11 06:22:15,0.92000000,6.19403,b,l
2025-03-11 06:22:15,0.92000000,27.35744,b,l
2025-03-11 06:22:15,0.92000000,6.18916,b,l
2025-03-11 06:22:15,0.92000000,27.36297,b,l
2025-03-11 07:58:43,0.91710000,714.80957,b,l
2025-03-11 07:58:43,0.91710000,714.37527,b,l
2025-03-11 07:58:43,0.91710000,714.38026,b,l
2025-03-11 07:58:43,0.91710000,714.38537,b,l
2025-03-11 07:58:43,0.91710000,714.39047,b,l
2025-03-11 07:58:43,0.91710000,714.39557,b,l
2025-03-11 07:58:43,0.91710000,714.40057,b,l
2025-03-11 07:58:43,0.91710000,714.40557,b,l
2025-03-11 07:58:43,0.91710000,714.41067,b,l
2025-03-11 07:58:43,0.91710000,714.41578,b,l
2025-03-11 07:58:43,0.91710000,714.42088,b,l
2025-03-11 07:58:43,0.91710000,714.42598,b,l
2025-03-11 07:58:43,0.91710000,714.43098,b,l
2025-03-11 07:58:43,0.91710000,526.34009,b,l
2025-03-11 07:58:43,0.91710000,714.43923,b,l
2025-03-11 07:58:43,0.91710000,714.44477,b,l
2025-03-11 07:58:43,0.91710000,714.44988,b,l
2025-03-11 07:58:43,0.91710000,714.45498,b,l
2025-03-11 07:58:43,0.91710000,714.45998,b,l
2025-03-11 07:58:43,0.91710000,714.46508,b,l
2025-03-11 07:58:43,0.91710000,714.47019,b,l
2025-03-11 07:58:43,0.91710000,714.47529,b,l
2025-03-11 07:58:43,0.91710000,714.48039,b,l
2025-03-11 07:58:43,0.91710000,714.48550,b,l
2025-03-11 07:58:43,0.91710000,714.49049,b,l
2025-03-11 07:58:43,0.91710000,714.49560,b,l
2025-03-11 07:58:43,0.91710000,714.50070,b,l
2025-03-11 07:58:43,0.91710000,714.50581,b,l
2025-03-11 07:58:43,0.91710000,714.51091,b,l
2025-03-11 07:58:43,0.91710000,714.51591,b,l
2025-03-11 07:58:43,0.91710000,714.52101,b,l
2025-03-11 07:58:43,0.91710000,714.52612,b,l
2025-03-11 07:58:43,0.91710000,714.53122,b,l
2025-03-11 07:58:43,0.91710000,714.53632,b,l
2025-03-11 07:58:43,0.91710000,714.54143,b,l
2025-03-11 07:58:43,0.91710000,714.54653,b,l
2025-03-11 07:58:43,0.91710000,714.55164,b,l
2025-03-11 07:58:43,0.91710000,714.55674,b,l
2025-03-11 07:58:43,0.91710000,714.56185,b,l
2025-03-11 07:58:43,0.91710000,714.56695,b,l
2025-03-11 07:58:43,0.91710000,714.57216,b,l
2025-03-11 07:58:43,0.91710000,714.57727,b,l
2025-03-11 07:58:43,0.91710000,180.22262,b,l
2025-03-11 07:58:47,0.91710000,714.58346,b,l
2025-03-11 07:58:47,0.91710000,714.58867,b,l
2025-03-11 07:58:47,0.91710000,714.59378,b,l
2025-03-11 07:58:47,0.91710000,714.59888,b,l
2025-03-11 07:58:47,0.91710000,714.60398,b,l
2025-03-11 07:58:47,0.91710000,714.60909,b,l
2025-03-11 07:58:47,0.91710000,714.61408,b,l
2025-03-11 07:58:47,0.91710000,714.61908,b,l
2025-03-11 07:58:47,0.91710000,714.62408,b,l
2025-03-11 07:58:47,0.91710000,714.62918,b,l
2025-03-11 07:58:47,0.91710000,714.63418,b,l
2025-03-11 07:58:47,0.91710000,714.63917,b,l
2025-03-11 07:58:47,0.91710000,714.64417,b,l
2025-03-11 07:58:47,0.91710000,714.64916,b,l
2025-03-11 07:58:47,0.91710000,714.65427,b,l
2025-03-11 07:58:47,0.91710000,714.65937,b,l
2025-03-11 07:58:47,0.91710000,714.66437,b,l
2025-03-11 07:58:47,0.91710000,714.66936,b,l
2025-03-11 07:58:47,0.91710000,714.67436,b,l
2025-03-11 07:58:47,0.91710000,714.67936,b,l
2025-03-11 07:58:47,0.91710000,714.68446,b,l
2025-03-11 07:58:47,0.91710000,714.68946,b,l
2025-03-11 07:58:47,0.91710000,714.69445,b,l
2025-03-11 07:58:47,0.91710000,714.69945,b,l
2025-03-11 07:58:47,0.91710000,714.70444,b,l
2025-03-11 07:58:47,0.91710000,714.70955,b,l
2025-03-11 07:58:47,0.91710000,714.71465,b,l
2025-03-11 07:58:47,0.91710000,714.71965,b,l
2025-03-11 07:58:47,0.91710000,714.72464,b,l
2025-03-11 07:58:47,0.91710000,714.72964,b,l
2025-03-11 07:58:47,0.91710000,714.73463,b,l
2025-03-11 07:58:47,0.91710000,714.73974,b,l
2025-03-11 07:58:47,0.91710000,714.74484,b,l
2025-03-11 07:58:47,0.91710000,714.74984,b,l
2025-03-11 07:58:47,0.91710000,714.75483,b,l
2025-03-11 07:58:47,0.91710000,714.75972,b,l
2025-03-11 07:58:47,0.91710000,714.76472,b,l
2025-03-11 07:58:47,0.91710000,714.76971,b,l
2025-03-11 07:58:47,0.91710000,714.77460,b,l
2025-03-11 07:58:47,0.91710000,714.77949,b,l
2025-03-11 07:58:47,0.91710000,714.78437,b,l
2025-03-11 07:58:47,0.91710000,714.78937,b,l
2025-03-11 07:58:47,0.91710000,697.86856,b,l
2025-03-11 07:58:52,0.91710000,714.72681,b,l
2025-03-11 07:58:52,0.91710000,714.80305,b,l
2025-03-11 07:58:52,0.91710000,714.80914,b,l
2025-03-11 07:58:52,0.91710000,714.81402,b,l
2025-03-11 07:58:52,0.91710000,714.81902,b,l
2025-03-11 07:58:52,0.91710000,714.82401,b,l
2025-03-11 07:58:52,0.91710000,714.82901,b,l
2025-03-11 07:58:52,0.91710000,714.83390,b,l
2025-03-11 07:58:52,0.91710000,714.83878,b,l
2025-03-11 07:58:52,0.91710000,714.84378,b,l
2025-03-11 07:58:52,0.91710000,714.84878,b,l
2025-03-11 07:58:52,0.91710000,714.85377,b,l
2025-03-11 07:58:52,0.91710000,714.85877,b,l
2025-03-11 07:58:52,0.91710000,714.86365,b,l
2025-03-11 07:58:52,0.91710000,714.86854,b,l
2025-03-11 07:58:52,0.91710000,714.87354,b,l
2025-03-11 07:58:52,0.91710000,714.87853,b,l
2025-03-11 07:58:52,0.91710000,714.88353,b,l
2025-03-11 07:58:52,0.91710000,714.88842,b,l
2025-03-11 07:58:52,0.91710000,714.89330,b,l
2025-03-11 07:58:52,0.91710000,714.89830,b,l
2025-03-11 07:58:52,0.91710000,714.90329,b,l
2025-03-11 07:58:52,0.91710000,714.90829,b,l
2025-03-11 07:58:52,0.91710000,114.49502,b,l
2025-03-11 08:17:06,0.91700000,62.11233,s,l
2025-03-11 08:48:58,0.91700000,714.94328,s,l
2025-03-11 08:48:59,0.91700000,715.15696,s,l
2025-03-11 08:48:59,0.91700000,715.37071,s,l
2025-03-11 08:48:59,0.91700000,715.58453,s,l
2025-03-11 08:48:59,0.91700000,715.79841,s,l
2025-03-11 08:48:59,0.91700000,716.01236,s,l
2025-03-11 08:48:59,0.91700000,645.02142,s,l
2025-03-11 08:54:44,0.91600000,716.42497,s,l
2025-03-11 08:54:44,0.91600000,716.69749,s,l
2025-03-11 08:54:44,0.91600000,716.97013,s,l
2025-03-11 08:54:44,0.91600000,717.24286,s,l
2025-03-11 08:54:44,0.91600000,717.51571,s,l
2025-03-11 08:54:44,0.91600000,717.78865,s,l
2025-03-11 08:54:44,0.91600000,697.36018,s,l
2025-03-11 13:35:53,0.91500000,718.32699,s,l
2025-03-11 13:37:59,0.91500000,877.31001,s,l
2025-03-11 13:37:59,0.91500000,876.55945,s,l
2025-03-11 13:37:59,0.91500000,876.79638,s,l
2025-03-11 13:37:59,0.91500000,877.03342,s,l
2025-03-11 13:37:59,0.91500000,773.97374,s,l
2025-03-11 13:40:33,0.91490000,106.39267,s,l
2025-03-11 13:40:34,0.91490000,106.43408,s,l
2025-03-11 13:41:15,0.91490000,771.91411,s,l
2025-03-11 13:41:58,0.91490000,107.03338,s,l
2025-03-11 13:41:59,0.91490000,774.71940,s,l
2025-03-11 13:42:00,0.91490000,774.93676,s,l
2025-03-11 13:42:07,0.91490000,107.04298,s,l
2025-03-11 13:42:10,0.91490000,107.06433,s,l
2025-03-11 13:42:11,0.91490000,213.67483,s,l
2025-03-11 13:42:12,0.91490000,775.14120,s,l
2025-03-11 13:42:14,0.91490000,775.37164,s,l
2025-03-11 13:42:16,0.91490000,107.09638,s,l
2025-03-11 13:42:18,0.91490000,107.12840,s,l
2025-03-11 13:42:19,0.91490000,107.14972,s,l
2025-03-11 13:42:20,0.91490000,107.17107,s,l
2025-03-11 13:42:22,0.91490000,107.19243,s,l
2025-03-11 13:42:25,0.91490000,1547.67339,s,l
2025-03-11 13:42:25,0.91490000,320.51225,s,l
2025-03-11 13:42:27,0.91490000,775.57374,s,l
2025-03-11 13:42:28,0.91490000,107.22453,s,l
2025-03-11 13:42:28,0.91490000,107.26727,s,l
2025-03-11 13:42:32,0.91490000,107.31003,s,l
2025-03-11 13:42:33,0.91490000,107.34211,s,l
2025-03-11 13:42:34,0.91490000,107.37421,s,l
2025-03-11 13:42:35,0.91490000,107.40632,s,l
2025-03-11 13:42:37,0.91490000,107.42769,s,l
2025-03-11 13:42:37,0.91490000,107.44911,s,l
2025-03-11 13:42:37,0.91490000,107.47052,s,l
2025-03-11 13:42:37,0.91490000,107.49194,s,l
2025-03-11 13:42:37,0.91490000,107.51337,s,l
2025-03-11 13:42:38,0.91490000,107.53480,s,l
2025-03-11 13:42:39,0.91490000,643.02146,s,l
2025-03-11 13:42:40,0.91490000,756.84989,s,l
2025-03-11 13:42:40,0.91490000,757.06223,s,l
2025-03-11 13:42:40,0.91490000,757.27462,s,l
2025-03-11 13:42:40,0.91490000,757.48707,s,l
2025-03-11 13:42:40,0.91490000,757.69958,s,l
2025-03-11 13:42:40,0.91490000,757.91216,s,l
2025-03-11 13:42:40,0.91490000,758.12480,s,l
2025-03-11 13:42:40,0.91490000,758.33750,s,l
2025-03-11 13:42:40,0.91490000,758.55026,s,l
2025-03-11 13:42:40,0.91490000,758.76307,s,l
2025-03-11 13:42:40,0.91490000,758.97595,s,l
2025-03-11 13:42:40,0.91490000,759.18889,s,l
2025-03-11 13:42:40,0.91490000,759.40187,s,l
2025-03-11 13:42:40,0.91490000,759.61493,s,l
2025-03-11 13:42:40,0.91490000,759.82805,s,l
2025-03-11 13:42:41,0.91490000,760.04121,s,l
2025-03-11 13:42:41,0.91490000,760.25445,s,l
2025-03-11 13:42:41,0.91490000,760.46774,s,l
2025-03-11 13:42:41,0.91490000,760.68110,s,l
2025-03-11 13:42:41,0.91490000,760.89450,s,l
2025-03-11 13:42:41,0.91490000,761.10798,s,l
2025-03-11 13:42:41,0.91490000,761.32150,s,l
2025-03-11 13:42:41,0.91490000,761.53510,s,l
2025-03-11 13:42:41,0.91490000,761.74875,s,l
2025-03-11 13:42:41,0.91490000,761.96246,s,l
2025-03-11 13:42:41,0.91490000,762.17622,s,l
2025-03-11 13:42:41,0.91490000,762.39006,s,l
2025-03-11 13:42:41,0.91490000,762.60395,s,l
2025-03-11 13:42:41,0.91490000,762.81789,s,l
2025-03-11 13:42:41,0.91490000,763.03191,s,l
2025-03-11 13:42:41,0.91490000,763.24597,s,l
2025-03-11 13:42:41,0.91490000,763.46011,s,l
2025-03-11 13:42:41,0.91490000,763.67430,s,l
2025-03-11 13:42:42,0.91490000,763.88856,s,l
2025-03-11 13:42:42,0.91490000,764.10287,s,l
2025-03-11 13:42:42,0.91490000,764.31724,s,l
2025-03-11 13:42:42,0.91490000,764.53168,s,l
2025-03-11 13:42:42,0.91490000,764.74617,s,l
2025-03-11 13:42:42,0.91490000,764.96071,s,l
2025-03-11 13:42:42,0.91490000,324.96670,s,l
2025-03-11 13:42:43,0.91490000,107.56058,s,l
2025-03-11 13:42:44,0.91490000,107.59274,s,l
2025-03-11 13:42:45,0.91490000,107.62491,s,l
2025-03-11 13:42:45,0.91490000,107.65710,s,l
2025-03-11 13:42:45,0.91490000,107.68929,s,l
2025-03-11 13:42:45,0.91490000,107.72149,s,l
2025-03-11 13:42:45,0.91490000,107.75370,s,l
2025-03-11 13:42:45,0.91490000,107.78591,s,l
2025-03-11 13:42:45,0.91490000,107.81814,s,l
2025-03-11 13:42:45,0.91490000,107.85038,s,l
2025-03-11 13:42:45,0.91490000,107.88262,s,l
2025-03-11 13:42:45,0.91490000,107.91488,s,l
2025-03-11 13:42:46,0.91490000,107.94714,s,l
2025-03-11 13:42:46,0.91490000,107.97943,s,l
2025-03-11 13:42:46,0.91490000,108.01171,s,l
2025-03-11 13:42:48,0.91490000,108.03320,s,l
2025-03-11 13:42:48,0.91490000,108.05473,s,l
2025-03-11 13:42:48,0.91490000,108.07626,s,l
2025-03-11 13:42:48,0.91490000,108.09781,s,l
2025-03-11 13:42:48,0.91490000,108.11936,s,l
2025-03-11 13:42:48,0.91490000,108.14092,s,l
2025-03-11 13:42:48,0.91490000,108.16247,s,l
2025-03-11 13:42:48,0.91490000,108.18403,s,l
2025-03-11 13:42:49,0.91490000,108.20559,s,l
2025-03-11 13:42:49,0.91490000,108.22717,s,l
2025-03-11 13:42:49,0.91490000,108.24874,s,l
2025-03-11 13:42:49,0.91490000,108.27032,s,l
2025-03-11 13:42:49,0.91490000,108.29190,s,l
2025-03-11 13:42:49,0.91490000,108.31348,s,l
2025-03-11 13:42:49,0.91490000,108.33508,s,l
2025-03-11 13:42:49,0.91490000,108.35667,s,l
2025-03-11 13:42:49,0.91490000,108.37828,s,l
2025-03-11 13:42:49,0.91490000,108.39988,s,l
2025-03-11 13:42:49,0.91490000,108.42149,s,l
2025-03-11 13:42:49,0.91490000,108.44311,s,l
2025-03-11 13:42:50,0.91490000,108.46472,s,l
2025-03-11 13:42:50,0.91490000,108.48634,s,l
2025-03-11 13:42:50,0.91490000,108.50797,s,l
2025-03-11 13:42:50,0.91490000,108.52960,s,l
2025-03-11 13:42:50,0.91490000,108.55123,s,l
2025-03-11 13:42:50,0.91490000,108.57287,s,l
2025-03-11 13:42:50,0.91490000,108.59451,s,l
2025-03-11 13:42:50,0.91490000,108.61615,s,l
2025-03-11 13:42:50,0.91490000,108.63780,s,l
2025-03-11 13:42:50,0.91490000,108.65945,s,l
2025-03-11 13:42:50,0.91490000,108.68111,s,l
2025-03-11 13:42:50,0.91490000,108.70277,s,l
2025-03-11 13:42:50,0.91490000,108.72443,s,l
2025-03-11 13:42:50,0.91490000,108.74611,s,l
2025-03-11 13:42:50,0.91490000,108.76778,s,l
2025-03-11 13:42:50,0.91490000,108.78946,s,l
2025-03-11 13:42:51,0.91490000,108.81115,s,l
2025-03-11 13:42:51,0.91490000,108.83284,s,l
2025-03-11 13:42:51,0.91490000,108.85454,s,l
2025-03-11 13:42:51,0.91490000,108.87624,s,l
2025-03-11 13:42:51,0.91490000,108.89795,s,l
2025-03-11 13:42:51,0.91490000,108.91966,s,l
2025-03-11 13:42:51,0.91490000,108.94137,s,l
2025-03-11 13:42:51,0.91490000,108.96309,s,l
2025-03-11 13:42:51,0.91490000,108.98482,s,l
2025-03-11 13:42:51,0.91490000,109.00654,s,l
2025-03-11 13:42:51,0.91490000,109.02828,s,l
2025-03-11 13:42:51,0.91490000,109.05001,s,l
2025-03-11 13:42:51,0.91490000,109.07174,s,l
2025-03-11 13:42:51,0.91490000,109.09348,s,l
2025-03-11 13:42:51,0.91490000,109.11524,s,l
2025-03-11 13:42:53,0.91490000,29580.41727,s,l
2025-03-11 13:42:53,0.91490000,375.41088,s,l
2025-03-11 13:42:53,0.91490000,428.34814,s,l
2025-03-11 13:42:54,0.91490000,109.14363,s,l
2025-03-11 13:42:54,0.91490000,109.18713,s,l
2025-03-11 13:42:54,0.91490000,109.23067,s,l
2025-03-11 13:42:54,0.91490000,109.27421,s,l
2025-03-11 13:42:54,0.91490000,109.31777,s,l
2025-03-11 13:42:54,0.91490000,109.36136,s,l
2025-03-11 13:42:54,0.91490000,109.40495,s,l
2025-03-11 13:42:55,0.91490000,109.44857,s,l
2025-03-11 13:42:55,0.91490000,109.49219,s,l
2025-03-11 13:42:57,0.91490000,109.53585,s,l
2025-03-11 13:42:58,0.91490000,109.56860,s,l
2025-03-11 13:42:58,0.91490000,109.60136,s,l
2025-03-11 13:42:58,0.91490000,109.63413,s,l
2025-03-11 13:42:58,0.91490000,109.66692,s,l
2025-03-11 13:42:58,0.91490000,109.69971,s,l
2025-03-11 13:42:59,0.91490000,109.73252,s,l
2025-03-11 13:43:00,0.91490000,109.76532,s,l
2025-03-11 13:43:00,0.91490000,109.79815,s,l
2025-03-11 13:43:02,0.91490000,109.81999,s,l
2025-03-11 13:43:03,0.91490000,109.84188,s,l
2025-03-11 13:43:04,0.91490000,109.86377,s,l
2025-03-11 13:43:04,0.91490000,44.24911,s,l
2025-03-11 13:43:05,0.91490000,109.88566,s,l
2025-03-11 18:02:02,0.91400000,220.30359,s,l
2025-03-11 18:02:02,0.91400000,220.34750,s,l
2025-03-11 18:02:02,0.91400000,220.39141,s,l
2025-03-11 18:02:02,0.91400000,220.43533,s,l
2025-03-11 18:02:02,0.91400000,220.47927,s,l
2025-03-11 18:02:02,0.91400000,220.52322,s,l
2025-03-11 18:02:02,0.91400000,220.56717,s,l
2025-03-11 18:02:02,0.91400000,220.61113,s,l
2025-03-11 18:02:02,0.91400000,220.65511,s,l
2025-03-11 18:02:02,0.91400000,220.69909,s,l
2025-03-11 18:02:02,0.91400000,220.74307,s,l
2025-03-11 18:02:02,0.91400000,220.78707,s,l
2025-03-11 18:02:02,0.91400000,220.83107,s,l
2025-03-11 18:02:02,0.91400000,220.87508,s,l
2025-03-11 18:02:02,0.91400000,220.91910,s,l
2025-03-11 18:02:02,0.91400000,220.96312,s,l
2025-03-11 18:02:02,0.91400000,221.00717,s,l
2025-03-11 18:02:02,0.91400000,221.05122,s,l
2025-03-11 18:02:02,0.91400000,221.09527,s,l
2025-03-11 18:02:02,0.91400000,221.13934,s,l
2025-03-11 18:02:02,0.91400000,221.18342,s,l
2025-03-11 18:02:02,0.91400000,221.22750,s,l
2025-03-11 18:02:02,0.91400000,143.16475,s,l
2025-03-11 18:11:50,0.91390000,223.51319,s,l
2025-03-11 18:11:50,0.91390000,222.87276,s,l
2025-03-11 18:11:50,0.91390000,222.91700,s,l
2025-03-11 18:11:50,0.91390000,222.96125,s,l
2025-03-11 18:11:50,0.91390000,223.00551,s,l
2025-03-11 18:11:50,0.91390000,86.16984,s,l
2025-03-11 18:11:50,0.91390000,137.22462,s,l
2025-03-11 18:11:50,0.91390000,86.37406,s,l
2025-03-11 18:11:50,0.91390000,137.06223,s,l
2025-03-11 18:11:50,0.91390000,86.61043,s,l
2025-03-11 18:11:50,0.91390000,136.90140,s,l
2025-03-11 18:11:50,0.91390000,86.71715,s,l
2025-03-11 18:11:50,0.91390000,136.74158,s,l
2025-03-11 18:11:50,0.91390000,86.79041,s,l
2025-03-11 18:11:50,0.91390000,136.58265,s,l
2025-03-11 18:11:50,0.91390000,86.89637,s,l
2025-03-11 18:11:50,0.91390000,136.42473,s,l
2025-03-11 18:11:50,0.91390000,86.96906,s,l
2025-03-11 18:11:50,0.91390000,136.26769,s,l
2025-03-11 18:11:50,0.91390000,87.07373,s,l
2025-03-11 18:11:50,0.91390000,136.11164,s,l
2025-03-11 18:11:50,0.91390000,87.14577,s,l
2025-03-11 18:11:50,0.91390000,135.95647,s,l
2025-03-11 18:11:50,0.91390000,87.24926,s,l
2025-03-11 18:11:50,0.91390000,135.80226,s,l
2025-03-11 18:11:50,0.91390000,87.32055,s,l
2025-03-11 18:11:50,0.91390000,135.64893,s,l
2025-03-11 18:11:50,0.91390000,87.42285,s,l
2025-03-11 18:11:50,0.91390000,135.49657,s,l
2025-03-11 18:11:50,0.91390000,87.49360,s,l
2025-03-11 18:11:50,0.91390000,135.34505,s,l
2025-03-11 18:11:50,0.91390000,87.59449,s,l
2025-03-11 18:11:50,0.91390000,135.19451,s,l
2025-03-11 18:11:50,0.91390000,87.66470,s,l
2025-03-11 18:11:50,0.91390000,135.04480,s,l
2025-03-11 18:11:50,0.91390000,87.76442,s,l
2025-03-11 18:11:50,0.91390000,134.89603,s,l
2025-03-11 18:11:50,0.91390000,87.83420,s,l
2025-03-11 18:11:50,0.91390000,134.74810,s,l
2025-03-11 18:11:50,0.91390000,87.93273,s,l
2025-03-11 18:11:50,0.91390000,134.60111,s,l
2025-03-11 18:11:50,0.91390000,88.00196,s,l
2025-03-11 18:11:50,0.91390000,134.45495,s,l
2025-03-11 18:11:50,0.91390000,88.09920,s,l
2025-03-11 18:11:50,0.91390000,134.30971,s,l
2025-03-11 18:11:50,0.91390000,88.16791,s,l
2025-03-11 18:11:50,0.91390000,134.16528,s,l
2025-03-11 18:11:50,0.91390000,88.26385,s,l
2025-03-11 18:11:50,0.91390000,134.02177,s,l
2025-03-11 18:11:50,0.91390000,88.33191,s,l
2025-03-11 18:11:50,0.91390000,133.87907,s,l
2025-03-11 18:11:50,0.91390000,88.42678,s,l
2025-03-11 18:11:50,0.91390000,133.73727,s,l
2025-03-11 18:11:50,0.91390000,88.49429,s,l
2025-03-11 18:11:50,0.91390000,133.59626,s,l
2025-03-11 18:11:50,0.91390000,88.58799,s,l
2025-03-11 18:11:50,0.91390000,133.45616,s,l
2025-03-11 18:11:50,0.91390000,88.65494,s,l
2025-03-11 18:11:50,0.91390000,133.31685,s,l
2025-03-11 18:11:50,0.91390000,88.74756,s,l
2025-03-11 18:11:50,0.91390000,133.16471,s,l
2025-03-11 18:11:50,0.91390000,88.81383,s,l
2025-03-11 18:11:50,0.91390000,133.01444,s,l
2025-03-11 18:11:50,0.91390000,88.90532,s,l
2025-03-11 18:11:50,0.91390000,132.86509,s,l
2025-03-11 18:11:50,0.91390000,88.97105,s,l
2025-03-11 18:11:50,0.91390000,132.71659,s,l
2025-03-11 18:11:50,0.91390000,89.06157,s,l
2025-03-11 18:11:50,0.91390000,132.56899,s,l
2025-03-11 18:11:50,0.91390000,89.12655,s,l
2025-03-11 18:11:50,0.91390000,132.42222,s,l
2025-03-11 18:11:50,0.91390000,89.21610,s,l
2025-03-11 18:11:50,0.91390000,132.27635,s,l
2025-03-11 18:11:50,0.91390000,89.28044,s,l
2025-03-11 18:11:50,0.91390000,132.13131,s,l
2025-03-11 18:11:50,0.91390000,89.36878,s,l
2025-03-11 18:11:50,0.91390000,131.98716,s,l
2025-03-11 18:11:50,0.91390000,89.43249,s,l
2025-03-11 18:11:50,0.91390000,131.84380,s,l
2025-03-11 18:11:50,0.91390000,89.51955,s,l
2025-03-11 18:11:50,0.91390000,131.70134,s,l
2025-03-11 18:11:50,0.91390000,89.58281,s,l
2025-03-11 18:11:50,0.91390000,131.55968,s,l
2025-03-11 18:11:50,0.91390000,89.66892,s,l
2025-03-11 18:11:50,0.91390000,131.41889,s,l
2025-03-11 18:11:50,0.91390000,89.73152,s,l
2025-03-11 18:11:50,0.91390000,131.27888,s,l
2025-03-11 18:11:50,0.91390000,89.81655,s,l
2025-03-11 18:11:50,0.91390000,131.13974,s,l
2025-03-11 18:11:50,0.91390000,89.87851,s,l
2025-03-11 18:11:50,0.91390000,131.00137,s,l
2025-03-11 18:11:50,0.91390000,89.96256,s,l
2025-03-11 18:11:50,0.91390000,130.86386,s,l
2025-03-11 18:11:50,0.91390000,90.02399,s,l
2025-03-11 18:11:50,0.91390000,130.72713,s,l
2025-03-11 18:11:50,0.91390000,90.10696,s,l
2025-03-11 18:11:50,0.91390000,130.59123,s,l
2025-03-11 18:11:50,0.91390000,90.16796,s,l
2025-03-11 18:11:50,0.91390000,130.45610,s,l
2025-03-11 18:11:50,0.91390000,90.25008,s,l
2025-03-11 18:11:50,0.91390000,130.32180,s,l
2025-03-11 18:11:50,0.91390000,90.31043,s,l
2025-03-11 18:11:50,0.91390000,130.18826,s,l
2025-03-11 18:11:50,0.91390000,90.39147,s,l
2025-03-11 18:11:50,0.91390000,130.05554,s,l
2025-03-11 18:11:50,0.91390000,90.45118,s,l
2025-03-11 18:11:50,0.91390000,129.92356,s,l
2025-03-11 18:11:50,0.91390000,90.53125,s,l
2025-03-11 18:11:50,0.91390000,129.79240,s,l
2025-03-11 18:11:50,0.91390000,90.59019,s,l
2025-03-11 18:11:50,0.91390000,129.66196,s,l
2025-03-11 18:11:50,0.91390000,90.66929,s,l
2025-03-11 18:11:50,0.91390000,129.53235,s,l
2025-03-11 18:11:50,0.91390000,90.72792,s,l
2025-03-11 18:11:50,0.91390000,129.40345,s,l
2025-03-11 18:11:50,0.91390000,90.80605,s,l
2025-03-11 18:11:50,0.91390000,129.27536,s,l
2025-03-11 18:11:50,0.91390000,90.86402,s,l
2025-03-11 18:11:50,0.91390000,129.14798,s,l
2025-03-11 18:11:50,0.91390000,90.94118,s,l
2025-03-11 19:53:43,0.91450000,219.50609,b,l
2025-03-11 19:53:43,0.91450000,219.52831,b,l
2025-03-11 19:53:43,0.91450000,219.55042,b,l
2025-03-11 19:53:43,0.91450000,219.57252,b,l
2025-03-11 19:53:43,0.91450000,219.59463,b,l
2025-03-11 19:53:43,0.91450000,219.61674,b,l
2025-03-11 19:53:43,0.91450000,219.63885,b,l
2025-03-11 19:53:43,0.91450000,219.66107,b,l
2025-03-11 19:53:43,0.91450000,219.68329,b,l
2025-03-11 19:53:43,0.91450000,219.70540,b,l
2025-03-11 19:53:43,0.91450000,219.72751,b,l
2025-03-11 19:53:43,0.91450000,219.74972,b,l
2025-03-11 19:53:43,0.91450000,219.77194,b,l
2025-03-11 19:53:44,0.91450000,219.79416,b,l
2025-03-11 19:53:44,0.91450000,219.81627,b,l
2025-03-11 19:53:44,0.91450000,219.83849,b,l
2025-03-11 19:53:44,0.91450000,219.86071,b,l
2025-03-11 19:53:44,0.91450000,219.88292,b,l
2025-03-11 19:53:44,0.91450000,219.90514,b,l
2025-03-11 19:53:44,0.91450000,219.92736,b,l
2025-03-11 19:53:44,0.91450000,219.94958,b,l
2025-03-11 19:53:44,0.91450000,219.97180,b,l
2025-03-11 19:53:44,0.91450000,219.99401,b,l
2025-03-11 19:53:44,0.91450000,220.01634,b,l
2025-03-11 19:53:44,0.91450000,220.03867,b,l
2025-03-11 19:53:44,0.91450000,220.06089,b,l
2025-03-11 19:53:44,0.91450000,220.08310,b,l
2025-03-11 19:53:44,0.91450000,220.10532,b,l
2025-03-11 19:53:44,0.91450000,220.12765,b,l
2025-03-11 19:53:44,0.91450000,220.14998,b,l
2025-03-11 19:53:44,0.91450000,220.17219,b,l
2025-03-11 19:53:44,0.91450000,220.19441,b,l
2025-03-11 19:53:44,0.91450000,220.19637,b,l
2025-03-11 19:53:44,0.91450000,220.19681,b,l
2025-03-11 19:53:44,0.91450000,220.19724,b,l
2025-03-11 19:53:44,0.91450000,220.19768,b,l
2025-03-11 19:53:44,0.91450000,220.19811,b,l
2025-03-11 19:53:44,0.91450000,220.19855,b,l
2025-03-11 19:53:44,0.91450000,220.19899,b,l
2025-03-11 19:53:44,0.91450000,220.19942,b,l
2025-03-11 19:53:44,0.91450000,220.19986,b,l
2025-03-11 19:53:44,0.91450000,220.20029,b,l
2025-03-11 19:53:44,0.91450000,220.20073,b,l
2025-03-11 19:53:44,0.91450000,220.20116,b,l
2025-03-11 19:53:44,0.91450000,220.20160,b,l
2025-03-11 19:53:44,0.91450000,220.20204,b,l
2025-03-11 19:53:44,0.91450000,220.20247,b,l
2025-03-11 19:53:44,0.91450000,220.20291,b,l
2025-03-11 19:53:44,0.91450000,220.20334,b,l
2025-03-11 19:53:44,0.91450000,220.20378,b,l
2025-03-11 19:53:44,0.91450000,220.20421,b,l
2025-03-11 19:53:44,0.91450000,220.20465,b,l
2025-03-11 19:53:44,0.91450000,220.20508,b,l
2025-03-11 19:53:44,0.91450000,220.20563,b,l
2025-03-11 19:53:44,0.91450000,220.20617,b,l
2025-03-11 19:53:44,0.91450000,220.20672,b,l
2025-03-11 19:53:44,0.91450000,220.20726,b,l
2025-03-11 19:53:44,0.91450000,220.20781,b,l
2025-03-11 19:53:44,0.91450000,220.20835,b,l
2025-03-11 19:53:44,0.91450000,220.20879,b,l
2025-03-11 19:53:44,0.91450000,220.20933,b,l
2025-03-11 19:53:44,0.91450000,220.20988,b,l
2025-03-11 19:53:44,0.91450000,220.21042,b,l
2025-03-11 19:53:44,0.91450000,220.21097,b,l
2025-03-11 19:53:44,0.91450000,220.21140,b,l
2025-03-11 19:53:44,0.91450000,220.21184,b,l
2025-03-11 19:53:44,0.91450000,220.21238,b,l
2025-03-11 19:53:44,0.91450000,220.21282,b,l
2025-03-11 19:53:44,0.91450000,220.21325,b,l
2025-03-11 19:53:44,0.91450000,220.21369,b,l
2025-03-11 19:53:44,0.91450000,220.21412,b,l
2025-03-11 19:53:44,0.91450000,220.21456,b,l
2025-03-11 19:53:44,0.91450000,220.21500,b,l
2025-03-11 19:53:44,0.91450000,220.21543,b,l
2025-03-11 19:53:44,0.91450000,220.21587,b,l
2025-03-11 19:53:44,0.91450000,220.21630,b,l
2025-03-11 19:53:44,0.91450000,220.21674,b,l
2025-03-11 19:53:44,0.91450000,220.21717,b,l
2025-03-11 19:53:44,0.91450000,220.21761,b,l
2025-03-11 19:53:44,0.91450000,220.21805,b,l
2025-03-11 19:53:44,0.91450000,220.21848,b,l
2025-03-11 19:53:44,0.91450000,220.21892,b,l
2025-03-11 19:53:44,0.91450000,220.21935,b,l
2025-03-11 19:53:44,0.91450000,220.21979,b,l
2025-03-11 19:53:44,0.91450000,220.22022,b,l
2025-03-11 19:53:44,0.91450000,220.22066,b,l
2025-03-11 19:53:44,0.91450000,220.22110,b,l
2025-03-11 19:53:44,0.91450000,220.22153,b,l
2025-03-11 19:53:44,0.91450000,220.22197,b,l
2025-03-11 19:53:44,0.91450000,220.22240,b,l
2025-03-11 19:53:44,0.91450000,220.22284,b,l
2025-03-11 19:53:44,0.91450000,220.22327,b,l
2025-03-11 19:53:44,0.91450000,220.22371,b,l
2025-03-11 19:53:44,0.91450000,220.22414,b,l
2025-03-11 19:53:44,0.91450000,220.22458,b,l
2025-03-11 19:53:44,0.91450000,220.22502,b,l
2025-03-11 19:53:44,0.91450000,220.22545,b,l
2025-03-11 19:53:44,0.91450000,220.22589,b,l
2025-03-11 19:53:44,0.91450000,220.22632,b,l
2025-03-11 19:53:44,0.91450000,220.22676,b,l
2025-03-11 19:53:44,0.91450000,220.22719,b,l
2025-03-11 19:53:44,0.91450000,220.22763,b,l
2025-03-11 19:53:44,0.91450000,220.22807,b,l
2025-03-11 19:53:44,0.91450000,220.22850,b,l
2025-03-11 19:53:44,0.91450000,220.22894,b,l
2025-03-11 19:53:44,0.91450000,220.22937,b,l
2025-03-11 19:53:44,0.91450000,220.22981,b,l
2025-03-11 19:53:44,0.91450000,220.23024,b,l
2025-03-11 19:53:44,0.91450000,220.23068,b,l
2025-03-11 19:53:44,0.91450000,220.23111,b,l
2025-03-11 19:53:44,0.91450000,220.23155,b,l
2025-03-11 19:53:44,0.91450000,220.23199,b,l
2025-03-11 19:53:44,0.91450000,220.23242,b,l
2025-03-11 19:53:44,0.91450000,220.23297,b,l
2025-03-11 19:53:44,0.91450000,220.23340,b,l
2025-03-11 19:53:44,0.91450000,220.23395,b,l
2025-03-11 19:53:44,0.91450000,220.23449,b,l
2025-03-11 19:53:45,0.91450000,220.23504,b,l
2025-03-11 19:53:45,0.91450000,220.23558,b,l
2025-03-11 19:53:45,0.91450000,220.23612,b,l
2025-03-11 19:53:45,0.91450000,220.23667,b,l
2025-03-11 19:53:45,0.91450000,220.23721,b,l
2025-03-11 19:53:45,0.91450000,220.23776,b,l
2025-03-11 19:53:45,0.91450000,220.23830,b,l
2025-03-11 19:53:45,0.91450000,220.23874,b,l
2025-03-11 19:53:45,0.91450000,220.23928,b,l
2025-03-11 19:53:45,0.91450000,220.23972,b,l
2025-03-11 19:53:45,0.91450000,220.24026,b,l
2025-03-11 19:53:45,0.91450000,220.24070,b,l
2025-03-11 19:53:45,0.91450000,220.24113,b,l
2025-03-11 19:53:45,0.91450000,220.24157,b,l
2025-03-11 19:53:45,0.91450000,220.24201,b,l
2025-03-11 19:53:45,0.91450000,220.24244,b,l
2025-03-11 19:53:45,0.91450000,220.24288,b,l
2025-03-11 19:53:45,0.91450000,220.24331,b,l
2025-03-11 19:53:45,0.91450000,220.24375,b,l
2025-03-11 19:53:45,0.91450000,62.69619,b,l
2025-03-11 19:53:46,0.91450000,220.24429,b,l
2025-03-11 19:53:46,0.91450000,220.24484,b,l
2025-03-11 19:53:46,0.91450000,220.24527,b,l
2025-03-11 19:53:46,0.91450000,220.24560,b,l
2025-03-11 19:53:46,0.91450000,220.24560,b,l
2025-03-11 19:53:46,0.91450000,220.24604,b,l
2025-03-11 19:53:46,0.91450000,220.24647,b,l
2025-03-11 19:53:46,0.91450000,220.24691,b,l
2025-03-11 19:53:46,0.91450000,220.24734,b,l
2025-03-11 19:53:46,0.91450000,220.24778,b,l
2025-03-11 19:53:46,0.91450000,220.24821,b,l
2025-03-11 19:53:46,0.91450000,220.24865,b,l
2025-03-11 19:53:46,0.91450000,220.24909,b,l
2025-03-11 19:53:46,0.91450000,220.24952,b,l
2025-03-11 19:53:46,0.91450000,220.24996,b,l
2025-03-11 19:53:46,0.91450000,220.25039,b,l
2025-03-11 19:53:46,0.91450000,220.25083,b,l
2025-03-11 19:53:46,0.91450000,220.25126,b,l
2025-03-11 19:53:46,0.91450000,220.25170,b,l
2025-03-11 19:53:46,0.91450000,220.25213,b,l
2025-03-11 19:53:46,0.91450000,220.25257,b,l
2025-03-11 19:53:46,0.91450000,220.25301,b,l
2025-03-11 19:53:46,0.91450000,220.25344,b,l
2025-03-11 19:53:46,0.91450000,220.25388,b,l
2025-03-11 19:53:46,0.91450000,220.25431,b,l
2025-03-11 19:53:46,0.91450000,220.25475,b,l
2025-03-11 19:53:46,0.91450000,220.25518,b,l
2025-03-11 19:53:46,0.91450000,220.25562,b,l
2025-03-11 19:53:46,0.91450000,220.25606,b,l
2025-03-11 19:53:46,0.91450000,220.25649,b,l
2025-03-11 19:53:46,0.91450000,220.25693,b,l
2025-03-11 19:53:46,0.91450000,220.25736,b,l
2025-03-11 19:53:46,0.91450000,220.25780,b,l
2025-03-11 19:53:46,0.91450000,220.25823,b,l
2025-03-11 19:53:46,0.91450000,220.25867,b,l
2025-03-11 19:53:46,0.91450000,220.25911,b,l
2025-03-11 19:53:47,0.91450000,220.25954,b,l
2025-03-11 19:53:47,0.91450000,220.26009,b,l
2025-03-11 19:53:47,0.91450000,220.26052,b,l
2025-03-11 19:53:47,0.91450000,220.26107,b,l
2025-03-11 19:53:47,0.91450000,220.26161,b,l
2025-03-11 19:53:47,0.91450000,220.26215,b,l
2025-03-11 19:53:47,0.91450000,220.26270,b,l
2025-03-11 19:53:47,0.91450000,220.26324,b,l
2025-03-11 19:53:47,0.91450000,220.26379,b,l
2025-03-11 19:53:47,0.91450000,220.26433,b,l
2025-03-11 19:53:47,0.91450000,220.26488,b,l
2025-03-11 19:53:47,0.91450000,220.26542,b,l
2025-03-11 19:53:47,0.91450000,220.26597,b,l
2025-03-11 19:53:47,0.91450000,220.26651,b,l
2025-03-11 19:53:47,0.91450000,220.26706,b,l
2025-03-11 19:53:47,0.91450000,220.26760,b,l
2025-03-11 19:53:47,0.91450000,220.26815,b,l
2025-03-11 19:53:47,0.91450000,220.26858,b,l
2025-03-11 19:53:47,0.91450000,220.26913,b,l
2025-03-11 19:53:47,0.91450000,220.26967,b,l
2025-03-12 08:18:18,0.91650000,6823.35930,b,l
2025-03-12 08:36:45,0.91650000,10000.00000,s,l
2025-03-12 11:58:07,0.91650000,3177.00000,b,l
2025-03-12 11:58:07,0.91650000,6823.00000,b,l
2025-03-12 12:30:05,0.91600000,10000.00000,s,l
2025-03-13 05:12:15,0.91850000,9989.80020,s,l
2025-03-13 05:12:15,0.91850000,10.19980,s,l
2025-03-13 05:12:18,0.91850000,9989.80020,b,l
2025-03-13 05:12:18,0.91850000,10.19979,s,l
2025-03-13 05:43:43,0.91900000,427.05177,s,l
2025-03-13 05:43:43,0.91900000,9572.94823,s,l
2025-03-13 05:43:48,0.91900000,427.05177,b,l
2025-03-13 05:43:48,0.91900000,427.21080,s,l
2025-03-13 05:43:48,0.91900000,156.38207,s,l
2025-03-13 05:43:48,0.91900000,271.61707,s,l
2025-03-13 05:43:48,0.91900000,8717.73829,s,l
2025-03-13 05:43:51,0.91900000,271.61706,b,l
2025-03-13 05:43:51,0.91950000,252.02436,s,l
2025-03-13 05:43:51,0.91950000,200.74654,s,l
2025-03-13 05:43:51,0.91950000,9275.61203,s,l
2025-03-13 05:43:53,0.91900000,451.91752,s,l
2025-03-13 05:43:53,0.91900000,9548.08248,s,l
2025-03-13 05:43:58,0.91900000,451.91752,b,l
2025-03-13 05:43:58,0.91900000,452.07791,s,l
2025-03-13 05:43:58,0.91900000,1440.00000,s,l
2025-03-13 05:43:58,0.91900000,131.99935,s,l
2025-03-13 05:43:58,0.91900000,132.02342,s,l
2025-03-13 05:43:58,0.91900000,132.04749,s,l
2025-03-13 05:43:58,0.91900000,132.07156,s,l
2025-03-13 05:43:58,0.91900000,132.09574,s,l
2025-03-13 05:43:58,0.91900000,132.11981,s,l
2025-03-13 05:43:58,0.91900000,132.14388,s,l
2025-03-13 05:43:58,0.91900000,132.16794,s,l
2025-03-13 05:43:58,0.91900000,132.19201,s,l
2025-03-13 05:43:58,0.91900000,132.21619,s,l
2025-03-13 05:43:58,0.91900000,132.24026,s,l
2025-03-13 05:43:58,0.91900000,132.26433,s,l
2025-03-13 05:43:58,0.91900000,132.28829,s,l
2025-03-13 05:43:58,0.91900000,5938.13430,s,l
2025-03-13 05:43:58,0.91850000,6070.42258,s,l
2025-03-13 05:44:02,0.91900000,132.28828,b,l
2025-03-13 05:44:02,0.91900000,745.34571,s,l
2025-03-13 05:44:02,0.91900000,132.16372,s,l
2025-03-13 05:44:02,0.91900000,614.00662,s,l
2025-03-13 05:44:02,0.91900000,8376.19567,s,l
2025-03-13 05:44:06,0.91900000,614.00661,b,l
2025-03-13 05:44:07,0.91900000,9106.47570,s,l
2025-03-13 05:44:08,0.91900000,279.51769,s,l
2025-03-13 05:44:11,0.91900000,279.51768,b,l
2025-03-13 05:44:11,0.91900000,745.97491,s,l
2025-03-13 05:44:11,0.91900000,746.21334,s,l
2025-03-13 05:44:11,0.91900000,8228.29407,s,l
2025-03-13 05:44:11,0.91850000,706.49163,s,l
2025-03-13 05:44:26,0.91900000,746.34223,s,l
2025-03-13 05:44:26,0.91900000,9253.65777,s,l
2025-03-13 05:44:30,0.91900000,746.34223,b,l
2025-03-13 05:44:30,0.91900000,746.55234,s,l
2025-03-13 05:44:30,0.91900000,746.76251,s,l
2025-03-13 05:44:30,0.91900000,7760.34291,s,l
2025-03-13 05:47:18,0.91900000,10000.00000,s,l
2025-03-13 05:49:33,0.91900000,746.96972,s,l
2025-03-13 05:49:33,0.91900000,9253.03028,s,l
2025-03-13 05:49:35,0.91900000,746.96972,b,l
2025-03-13 05:49:35,0.91900000,747.24140,s,l
2025-03-13 05:49:35,0.91900000,131.25716,s,l
2025-03-13 05:49:35,0.91900000,747.44369,s,l
2025-03-13 05:49:35,0.91900000,7627.08803,s,l
2025-03-13 06:17:33,0.91750000,3757.87269,b,l
2025-03-13 06:17:33,0.91750000,10.17192,b,l
2025-03-13 06:17:37,0.91750000,10.17192,b,l
2025-03-13 06:17:37,0.91750000,140.02332,b,l
2025-03-13 06:18:43,0.91750000,3880.83040,b,l
2025-03-13 06:18:43,0.91750000,709.76660,b,l
2025-03-13 06:19:54,0.91750000,8725.93416,b,l
2025-03-13 06:19:54,0.91750000,710.13568,b,l
2025-03-13 06:22:42,0.91700000,10000.00000,b,l
2025-03-13 06:24:05,0.91750000,10000.00000,b,l
2025-03-13 06:24:08,0.91750000,50.02668,b,l
2025-03-13 06:24:10,0.91750000,9949.97331,b,l
2025-03-13 06:24:11,0.91750000,25.01334,b,l
2025-03-13 06:24:11,0.91750000,1127.69508,b,l
2025-03-13 06:24:12,0.91750000,1124.66311,b,l
2025-03-13 06:24:12,0.91750000,1124.69622,b,l
2025-03-13 06:24:12,0.91750000,1124.70425,b,l
2025-03-13 06:24:12,0.91750000,1124.71240,b,l
2025-03-13 06:24:12,0.91750000,1124.72054,b,l
2025-03-13 06:24:12,0.91750000,1124.72868,b,l
2025-03-13 06:24:12,0.91750000,1124.73671,b,l
2025-03-13 06:24:12,0.91750000,973.32966,b,l
2025-03-13 06:24:16,0.91750000,9999.00000,b,l
2025-03-13 06:24:21,0.91750000,649.70790,b,l
2025-03-13 06:24:21,0.91750000,649.70798,b,l
2025-03-13 06:24:21,0.91750000,651.83621,b,l
2025-03-13 06:24:21,0.91750000,652.06349,b,l
2025-03-13 06:24:21,0.91750000,652.29085,b,l
2025-03-13 06:24:21,0.91750000,652.51829,b,l
2025-03-13 06:24:21,0.91750000,652.74581,b,l
2025-03-13 06:24:21,0.91750000,652.97341,b,l
2025-03-13 06:24:21,0.91750000,653.20109,b,l
2025-03-13 06:24:21,0.91750000,320.63695,b,l
2025-03-13 06:24:53,0.91700000,653.56955,b,l
2025-03-13 06:24:53,0.91700000,653.82624,b,l
2025-03-13 06:24:53,0.91700000,654.08303,b,l
2025-03-13 06:24:53,0.91700000,654.33992,b,l
2025-03-13 06:24:53,0.91700000,654.59691,b,l
2025-03-13 06:24:53,0.91700000,654.85400,b,l
2025-03-13 06:24:53,0.91700000,655.11119,b,l
2025-03-13 06:24:53,0.91700000,655.36849,b,l
2025-03-13 06:24:53,0.91700000,655.62589,b,l
2025-03-13 06:24:53,0.91700000,655.88339,b,l
2025-03-13 06:24:53,0.91700000,656.14099,b,l
2025-03-13 06:24:53,0.91700000,656.39869,b,l
2025-03-13 06:24:53,0.91700000,656.65650,b,l
2025-03-13 06:25:31,0.91700000,656.85421,b,l
2025-03-13 06:25:31,0.91700000,657.05222,b,l
2025-03-13 06:25:31,0.91700000,657.25029,b,l
2025-03-13 06:25:31,0.91700000,657.44842,b,l
2025-03-13 06:25:31,0.91700000,657.64661,b,l
2025-03-13 06:25:31,0.91700000,657.84486,b,l
2025-03-13 06:25:31,0.91700000,658.04316,b,l
2025-03-13 06:25:31,0.91700000,658.24153,b,l
2025-03-13 06:25:31,0.91700000,658.43996,b,l
2025-03-13 06:25:31,0.91700000,658.63844,b,l
2025-03-13 06:25:31,0.91700000,658.83699,b,l
2025-03-13 06:25:31,0.91700000,659.03560,b,l
2025-03-13 06:25:31,0.91700000,659.23426,b,l
2025-03-13 06:25:31,0.91700000,659.43299,b,l
2025-03-13 06:25:31,0.91700000,659.63178,b,l
2025-03-13 06:25:32,0.91700000,126.36867,b,l
2025-03-13 06:25:38,0.91700000,659.86872,b,l
2025-03-13 06:25:38,0.91700000,660.06764,b,l
2025-03-13 06:25:38,0.91700000,660.26662,b,l
2025-03-13 06:25:38,0.91700000,660.46566,b,l
2025-03-13 06:25:38,0.91700000,660.66475,b,l
2025-03-13 06:25:38,0.91700000,660.86390,b,l
2025-03-13 06:25:38,0.91700000,661.06311,b,l
2025-03-13 06:25:38,0.91700000,661.26238,b,l
2025-03-13 06:25:38,0.91700000,661.46171,b,l
2025-03-13 06:25:38,0.91700000,661.66110,b,l
2025-03-13 06:25:38,0.91700000,661.86055,b,l
2025-03-13 06:25:38,0.91700000,662.06007,b,l
2025-03-13 06:25:38,0.91700000,662.25965,b,l
2025-03-13 06:25:38,0.91700000,662.45929,b,l
2025-03-13 06:25:38,0.91700000,662.65899,b,l
2025-03-13 06:25:38,0.91700000,81.05585,b,l
2025-03-13 06:25:42,0.91700000,9998.90001,b,l
2025-03-13 06:25:42,0.91700000,0.09999,b,l
2025-03-13 06:26:02,0.91750000,667.66987,b,l
2025-03-13 06:26:02,0.91750000,667.66781,b,l
2025-03-13 06:26:02,0.91750000,667.71232,b,l
2025-03-13 06:26:02,0.91750000,667.75672,b,l
2025-03-13 06:26:02,0.91750000,667.80122,b,l
2025-03-13 06:26:02,0.91750000,667.84573,b,l
2025-03-13 06:26:02,0.91750000,667.89024,b,l
2025-03-13 06:26:02,0.91750000,667.93475,b,l
2025-03-13 06:26:02,0.91750000,667.97936,b,l
2025-03-13 06:26:02,0.91750000,668.02387,b,l
2025-03-13 06:26:02,0.91750000,668.06849,b,l
2025-03-13 06:26:02,0.91750000,668.11310,b,l
2025-03-13 06:26:02,0.91750000,668.15772,b,l
2025-03-13 06:26:02,0.91750000,668.20234,b,l
2025-03-13 06:26:02,0.91750000,649.17645,b,l
2025-03-13 06:26:16,0.91700000,668.71950,b,l
2025-03-13 06:26:16,0.91700000,668.78793,b,l
2025-03-13 06:26:16,0.91700000,668.85635,b,l
2025-03-13 06:26:16,0.91700000,668.92467,b,l
2025-03-13 06:26:16,0.91700000,668.99310,b,l
2025-03-13 06:26:16,0.91700000,669.06153,b,l
2025-03-13 06:26:16,0.91700000,669.12985,b,l
2025-03-13 06:26:16,0.91700000,669.19817,b,l
2025-03-13 06:26:16,0.91700000,669.26659,b,l
2025-03-13 06:26:16,0.91700000,669.33491,b,l
2025-03-13 06:26:16,0.91700000,669.40334,b,l
2025-03-13 06:26:16,0.91700000,669.47177,b,l
2025-03-13 06:26:16,0.91700000,669.54020,b,l
2025-03-13 06:26:16,0.91700000,669.60862,b,l
2025-03-13 06:26:16,0.91700000,631.70347,b,l
2025-03-13 06:26:28,0.91700000,669.75189,b,l
2025-03-13 06:26:28,0.91700000,669.74739,b,l
2025-03-13 06:26:28,0.91700000,100.08906,b,l
2025-03-13 06:26:28,0.91700000,669.80543,b,l
2025-03-13 06:26:28,0.91700000,669.80093,b,l
2025-03-13 06:26:28,0.91700000,100.04251,b,l
2025-03-13 06:26:28,0.91700000,669.92784,b,l
2025-03-13 06:26:28,0.91700000,669.92332,b,l
2025-03-13 06:26:28,0.91700000,99.99594,b,l
2025-03-13 06:26:28,0.91700000,670.05025,b,l
2025-03-13 06:26:28,0.91700000,670.04572,b,l
2025-03-13 06:26:28,0.91700000,99.94935,b,l
2025-03-13 06:26:28,0.91700000,670.17266,b,l
2025-03-13 06:26:28,0.91700000,670.24109,b,l
2025-03-13 06:26:28,0.91700000,670.30952,b,l
2025-03-13 06:26:28,0.91700000,670.37805,b,l
2025-03-13 06:26:28,0.91700000,670.44648,b,l
2025-03-13 06:26:28,0.91700000,670.51502,b,l
2025-03-13 06:26:28,0.91700000,218.80754,b,l
2025-03-13 06:26:34,0.91750000,10000.00000,b,l
2025-03-13 06:26:44,0.91700000,986.92466,b,l
2025-03-13 06:26:44,0.91700000,986.91794,b,l
2025-03-13 06:26:44,0.91700000,98.27761,b,l
2025-03-13 06:26:44,0.91700000,985.83102,b,l
2025-03-13 06:26:44,0.91700000,985.82442,b,l
2025-03-13 06:26:44,0.91700000,98.19922,b,l
2025-03-13 06:26:44,0.91700000,986.02099,b,l
2025-03-13 06:26:44,0.91700000,986.12189,b,l
2025-03-13 06:26:44,0.91700000,986.11515,b,l
2025-03-13 06:26:44,0.91700000,98.02254,b,l
2025-03-13 06:26:44,0.91700000,986.31132,b,l
2025-03-13 06:26:44,0.91700000,986.30455,b,l
2025-03-13 06:26:44,0.91700000,97.94405,b,l
2025-03-13 06:26:44,0.91700000,731.18463,b,l
2025-03-13 06:26:51,0.91700000,986.57590,b,l
2025-03-13 06:26:51,0.91700000,986.67670,b,l
2025-03-13 06:26:51,0.91700000,986.77760,b,l
2025-03-13 06:26:51,0.91700000,986.87839,b,l
2025-03-13 06:26:51,0.91700000,986.97930,b,l
2025-03-13 06:26:51,0.91700000,987.08020,b,l
2025-03-13 06:26:51,0.91700000,645.79903,b,l
2025-03-13 06:26:57,0.91700000,987.15426,b,l
2025-03-13 06:26:57,0.91700000,987.36202,b,l
2025-03-13 06:26:57,0.91700000,987.56989,b,l
2025-03-13 06:26:57,0.91700000,987.77775,b,l
2025-03-13 06:26:57,0.91700000,987.98573,b,l
2025-03-13 06:26:57,0.91700000,988.19381,b,l
2025-03-13 06:26:57,0.91700000,988.40190,b,l
2025-03-13 06:26:57,0.91700000,988.61009,b,l
2025-03-13 06:26:57,0.91700000,988.81817,b,l
2025-03-13 06:26:57,0.91700000,989.02637,b,l
2025-03-13 06:26:57,0.91700000,119.10000,b,l
2025-03-13 06:27:24,0.91700000,9999.90000,b,l
2025-03-13 06:27:24,0.91700000,0.10000,b,l
2025-03-13 06:27:32,0.91700000,10000.00000,b,l
2025-03-13 06:27:40,0.91700000,989.25975,b,l
2025-03-13 06:27:40,0.91700000,989.35978,b,l
2025-03-13 06:27:40,0.91700000,989.46914,b,l
2025-03-13 06:27:40,0.91700000,989.57850,b,l
2025-03-13 06:27:40,0.91700000,989.68787,b,l
2025-03-13 06:27:40,0.91700000,989.78138,b,l
2025-03-13 06:27:40,0.91700000,989.89074,b,l
2025-03-13 06:27:40,0.91700000,990.00010,b,l
2025-03-13 06:27:40,0.91700000,990.10947,b,l
2025-03-13 06:27:40,0.91700000,990.21883,b,l
2025-03-13 06:27:40,0.91700000,102.64444,b,l
2025-03-13 06:27:55,0.91750000,10000.00000,b,l
2025-03-13 06:27:59,0.91700000,9999.90000,b,l
2025-03-13 06:27:59,0.91700000,0.10000,b,l
2025-03-13 06:28:01,0.91700000,990.34991,b,l
2025-03-13 06:28:01,0.91700000,990.44907,b,l
2025-03-13 06:28:01,0.91700000,990.55843,b,l
2025-03-13 06:28:01,0.91700000,990.66790,b,l
2025-03-13 06:28:01,0.91700000,990.77738,b,l
2025-03-13 06:28:01,0.91700000,990.88674,b,l
2025-03-13 06:28:01,0.91700000,990.99621,b,l
2025-03-13 06:28:01,0.91700000,991.10568,b,l
2025-03-13 06:28:01,0.91700000,991.21515,b,l
2025-03-13 06:28:01,0.91700000,991.32474,b,l
2025-03-13 06:28:01,0.91700000,91.66879,b,l
2025-03-13 06:28:14,0.91750000,10000.00000,b,l
2025-03-13 06:28:26,0.91750000,10000.00000,b,l
2025-03-13 06:28:36,0.91750000,10000.00000,b,l
2025-03-13 06:28:40,0.91700000,9999.90000,b,l
2025-03-13 06:28:40,0.91700000,0.10000,b,l
2025-03-13 06:28:59,0.91700000,9999.90000,b,l
2025-03-13 06:28:59,0.91700000,0.10000,b,l
2025-03-13 06:30:05,0.91700000,978.97242,b,l
2025-03-13 06:30:05,0.91700000,979.12110,b,l
2025-03-13 06:30:05,0.91700000,979.22938,b,l
2025-03-13 06:30:05,0.91700000,979.33766,b,l
2025-03-13 06:30:05,0.91700000,979.44593,b,l
2025-03-13 06:30:05,0.91700000,979.55421,b,l
2025-03-13 06:30:05,0.91700000,979.66249,b,l
2025-03-13 06:30:05,0.91700000,979.77077,b,l
2025-03-13 06:30:05,0.91700000,979.87904,b,l
2025-03-13 06:30:05,0.91700000,979.98721,b,l
2025-03-13 06:30:05,0.91700000,205.03979,b,l
2025-03-13 06:30:50,0.91700000,5845.29412,b,l
2025-03-13 06:30:50,0.91700000,1446.75024,b,l
2025-03-13 06:30:50,0.91700000,2707.95564,b,l
2025-03-13 06:31:00,0.91700000,10000.00000,b,l
2025-03-13 06:31:09,0.91700000,10000.00000,b,l
2025-03-13 06:31:20,0.91700000,10000.00000,b,l
2025-03-13 06:32:11,0.91750000,10000.00000,b,l
2025-03-13 06:32:49,0.91650000,10000.00000,b,l
2025-03-13 06:33:02,0.91650000,10000.00000,b,l
2025-03-13 06:33:06,0.91650000,10000.00000,b,l
2025-03-13 06:33:22,0.91700000,980.14404,b,l
2025-03-13 06:33:22,0.91700000,980.30292,b,l
2025-03-13 06:33:22,0.91700000,980.48364,b,l
2025-03-13 06:33:22,0.91700000,980.66446,b,l
2025-03-13 06:33:22,0.91700000,980.84529,b,l
2025-03-13 06:33:22,0.91700000,981.02622,b,l
2025-03-13 06:33:22,0.91700000,981.20704,b,l
2025-03-13 06:33:22,0.91700000,981.38787,b,l
2025-03-13 06:33:22,0.91700000,981.56880,b,l
2025-03-13 06:33:22,0.91700000,981.74984,b,l
2025-03-13 06:33:22,0.91700000,190.61987,b,l
2025-03-13 06:33:35,0.91650000,10000.00000,b,l
2025-03-13 06:34:32,0.91650000,9999.89999,b,l
2025-03-13 06:34:32,0.91650000,0.10001,b,l
2025-03-13 06:35:04,0.91700000,881.64071,b,l
2025-03-13 06:35:04,0.91700000,881.89180,b,l
2025-03-13 06:35:04,0.91700000,882.14289,b,l
2025-03-13 06:35:04,0.91700000,882.39409,b,l
2025-03-13 06:35:04,0.91700000,882.64529,b,l
2025-03-13 06:35:04,0.91700000,882.83459,b,l
2025-03-13 06:35:04,0.91700000,882.99727,b,l
2025-03-13 06:35:04,0.91700000,883.16007,b,l
2025-03-13 06:35:04,0.91700000,883.32287,b,l
2025-03-13 06:35:04,0.91700000,883.48577,b,l
2025-03-13 06:35:04,0.91700000,883.64868,b,l
2025-03-13 06:35:04,0.91700000,289.83596,b,l
2025-03-13 06:35:15,0.91700000,883.94614,b,l
2025-03-13 06:35:15,0.91700000,884.08765,b,l
2025-03-13 06:35:15,0.91700000,884.25816,b,l
2025-03-13 06:35:15,0.91700000,884.42877,b,l
2025-03-13 06:35:15,0.91700000,884.59939,b,l
2025-03-13 06:35:15,0.91700000,884.77011,b,l
2025-03-13 06:35:15,0.91700000,884.94073,b,l
2025-03-13 06:35:15,0.91700000,885.11156,b,l
2025-03-13 06:35:15,0.91700000,885.28228,b,l
2025-03-13 06:35:15,0.91700000,885.45301,b,l
2025-03-13 06:35:15,0.91700000,885.62384,b,l
2025-03-13 06:35:15,0.91700000,267.49835,b,l
2025-03-13 06:35:32,0.91700000,886.01444,b,l
2025-03-13 06:35:32,0.91700000,886.06994,b,l
2025-03-13 06:35:32,0.91700000,886.15271,b,l
2025-03-13 06:35:32,0.91700000,886.23558,b,l
2025-03-13 06:35:32,0.91700000,886.31845,b,l
2025-03-13 06:35:32,0.91700000,886.40133,b,l
2025-03-13 06:35:32,0.91700000,886.48420,b,l
2025-03-13 06:35:32,0.91700000,886.56707,b,l
2025-03-13 06:35:32,0.91700000,886.65006,b,l
2025-03-13 06:35:32,0.91700000,886.73304,b,l
2025-03-13 06:35:32,0.91700000,886.81602,b,l
2025-03-13 06:35:32,0.91700000,248.55716,b,l
2025-03-13 06:35:55,0.91700000,886.85041,b,l
2025-03-13 06:35:55,0.91700000,887.00495,b,l
2025-03-13 06:35:55,0.91700000,887.18371,b,l
2025-03-13 06:35:55,0.91700000,887.36236,b,l
2025-03-13 06:35:55,0.91700000,887.54101,b,l
2025-03-13 06:35:55,0.91700000,887.71978,b,l
2025-03-13 06:35:55,0.91700000,887.89864,b,l
2025-03-13 06:35:55,0.91700000,888.07741,b,l
2025-03-13 06:35:55,0.91700000,888.25628,b,l
2025-03-13 06:35:55,0.91700000,888.43514,b,l
2025-03-13 06:35:55,0.91700000,888.61412,b,l
2025-03-13 06:35:55,0.91700000,235.05618,b,l
2025-03-13 06:36:01,0.91700000,888.96106,b,l
2025-03-13 06:36:01,0.91700000,888.93944,b,l
2025-03-13 06:36:01,0.91700000,888.94173,b,l
2025-03-13 06:36:01,0.91700000,888.94401,b,l
2025-03-13 06:36:01,0.91700000,888.94629,b,l
2025-03-13 06:36:01,0.91700000,888.94868,b,l
2025-03-13 06:36:01,0.91700000,888.95107,b,l
2025-03-13 06:36:01,0.91700000,888.95346,b,l
2025-03-13 06:36:01,0.91700000,888.95585,b,l
2025-03-13 06:36:01,0.91700000,888.95823,b,l
2025-03-13 06:36:01,0.91700000,888.96062,b,l
2025-03-13 06:36:01,0.91700000,220.53955,b,l
2025-03-13 06:36:21,0.91700000,889.00364,b,l
2025-03-13 06:36:21,0.91700000,889.07239,b,l
2025-03-13 06:36:21,0.91700000,889.16319,b,l
2025-03-13 06:36:21,0.91700000,889.25410,b,l
2025-03-13 06:36:21,0.91700000,889.34501,b,l
2025-03-13 06:36:21,0.91700000,889.43582,b,l
2025-03-13 06:36:21,0.91700000,889.52673,b,l
2025-03-13 06:36:21,0.91700000,889.61764,b,l
2025-03-13 06:36:21,0.91700000,889.70855,b,l
2025-03-13 06:36:21,0.91700000,889.79957,b,l
2025-03-13 06:36:21,0.91700000,889.89059,b,l
2025-03-13 06:36:21,0.91700000,216.18276,b,l
2025-03-13 06:36:29,0.91700000,890.06611,b,l
2025-03-13 06:36:29,0.91700000,890.06643,b,l
2025-03-13 06:36:29,0.91700000,890.06882,b,l
2025-03-13 06:36:29,0.91700000,890.07121,b,l
2025-03-13 06:36:29,0.91700000,890.07360,b,l
2025-03-13 06:36:29,0.91700000,890.07599,b,l
2025-03-13 06:36:29,0.91700000,890.07838,b,l
2025-03-13 06:36:29,0.91700000,890.08077,b,l
2025-03-13 06:36:29,0.91700000,890.08305,b,l
2025-03-13 06:36:30,0.91700000,890.08533,b,l
2025-03-13 06:36:30,0.91700000,890.08772,b,l
2025-03-13 06:36:30,0.91700000,209.16258,b,l
2025-03-13 06:37:02,0.91700000,890.13986,b,l
2025-03-13 06:37:02,0.91700000,890.12118,b,l
2025-03-13 06:37:02,0.91700000,890.12357,b,l
2025-03-13 06:37:02,0.91700000,890.12596,b,l
2025-03-13 06:37:02,0.91700000,890.12834,b,l
2025-03-13 06:37:02,0.91700000,890.13073,b,l
2025-03-13 06:37:02,0.91700000,890.13312,b,l
2025-03-13 06:37:02,0.91700000,890.13551,b,l
2025-03-13 06:37:02,0.91700000,890.13790,b,l
2025-03-13 06:37:02,0.91700000,890.14018,b,l
2025-03-13 06:37:02,0.91700000,890.14257,b,l
2025-03-13 06:37:02,0.91700000,208.54107,b,l
2025-03-13 06:37:28,0.91700000,890.16625,b,l
2025-03-13 06:37:28,0.91700000,890.23620,b,l
2025-03-13 06:37:28,0.91700000,890.32722,b,l
2025-03-13 06:37:28,0.91700000,890.41824,b,l
2025-03-13 06:37:28,0.91700000,890.50926,b,l
2025-03-13 06:37:28,0.91700000,890.60017,b,l
2025-03-13 06:37:28,0.91700000,890.69108,b,l
2025-03-13 06:37:28,0.91700000,890.78210,b,l
2025-03-13 06:37:28,0.91700000,890.87312,b,l
2025-03-13 06:37:28,0.91700000,890.96414,b,l
2025-03-13 06:37:28,0.91700000,891.05527,b,l
2025-03-13 06:37:28,0.91700000,203.37694,b,l
2025-03-13 06:37:31,0.91700000,891.16714,b,l
2025-03-13 06:37:31,0.91700000,891.25827,b,l
2025-03-13 06:37:31,0.91700000,891.34940,b,l
2025-03-13 06:37:31,0.91700000,891.44052,b,l
2025-03-13 06:37:31,0.91700000,891.53165,b,l
2025-03-13 06:37:31,0.91700000,891.62278,b,l
2025-03-13 06:37:31,0.91700000,891.71391,b,l
2025-03-13 06:37:31,0.91700000,891.80493,b,l
2025-03-13 06:37:31,0.91700000,891.89605,b,l
2025-03-13 06:37:31,0.91700000,891.98718,b,l
2025-03-13 06:37:31,0.91700000,892.07842,b,l
2025-03-13 06:37:31,0.91700000,191.14975,b,l
2025-03-13 06:40:34,0.91750000,892.47201,b,l
2025-03-13 06:40:34,0.91750000,892.56200,b,l
2025-03-13 06:40:34,0.91750000,892.65210,b,l
2025-03-13 06:40:34,0.91750000,892.74221,b,l
2025-03-13 06:40:34,0.91750000,892.83231,b,l
2025-03-13 06:40:34,0.91750000,892.92252,b,l
2025-03-13 06:40:34,0.91750000,893.01262,b,l
2025-03-13 06:40:34,0.91750000,893.10261,b,l
2025-03-13 06:40:34,0.91750000,893.19271,b,l
2025-03-13 06:40:34,0.91750000,893.28270,b,l
2025-03-13 06:40:34,0.91750000,893.37270,b,l
2025-03-13 06:40:34,0.91750000,177.85351,b,l
2025-03-13 06:43:34,0.91750000,943.43540,b,l
2025-03-13 06:43:34,0.91750000,9056.56460,b,l
2025-03-13 07:18:59,0.91650000,10000.00000,b,l
2025-03-13 08:14:39,0.91700000,10000.00000,b,l
2025-03-13 08:17:59,0.91750000,9999.90000,b,l
2025-03-13 08:17:59,0.91750000,0.10000,b,l
2025-03-13 08:28:14,0.91650000,538.22838,b,l
2025-03-13 08:28:14,0.91650000,538.36524,b,l
2025-03-13 08:28:14,0.91650000,538.50214,b,l
2025-03-13 08:28:14,0.91650000,538.63907,b,l
2025-03-13 08:28:14,0.91650000,538.77604,b,l
2025-03-13 08:28:14,0.91650000,538.91304,b,l
2025-03-13 08:28:14,0.91650000,539.05008,b,l
2025-03-13 08:28:14,0.91650000,539.18715,b,l
2025-03-13 08:28:14,0.91650000,43.14542,b,l
2025-03-13 08:39:53,0.91650000,10000.00000,b,l
2025-03-13 08:39:58,0.91650000,10000.00000,b,l
2025-03-13 08:40:27,0.91650000,898.02381,b,l
2025-03-13 08:40:27,0.91650000,895.17447,b,l
2025-03-13 08:40:27,0.91650000,895.22349,b,l
2025-03-13 08:40:27,0.91650000,895.27261,b,l
2025-03-13 08:40:27,0.91650000,895.32173,b,l
2025-03-13 08:40:27,0.91650000,895.37074,b,l
2025-03-13 08:40:27,0.91650000,895.41975,b,l
2025-03-13 08:40:27,0.91650000,895.46876,b,l
2025-03-13 08:40:27,0.91650000,895.51789,b,l
2025-03-13 08:40:27,0.91650000,895.56701,b,l
2025-03-13 08:40:27,0.91650000,895.61602,b,l
2025-03-13 08:40:27,0.91650000,148.02371,b,l
2025-03-13 08:58:24,0.91700000,10000.00000,b,l
2025-03-13 09:02:59,0.91700000,3994.00806,b,l
2025-03-13 09:02:59,0.91700000,742.14740,b,l
2025-03-13 09:02:59,0.91700000,740.31159,b,l
2025-03-13 09:02:59,0.91700000,740.35091,b,l
2025-03-13 09:02:59,0.91700000,740.39023,b,l
2025-03-13 09:02:59,0.91700000,740.42965,b,l
2025-03-13 09:02:59,0.91700000,290.37831,b,l
2025-03-13 09:58:59,0.91650000,84.49709,b,l
2025-03-13 09:58:59,0.91650000,84.51024,b,l
2025-03-13 09:58:59,0.91650000,84.52350,b,l
2025-03-13 09:58:59,0.91650000,84.53665,b,l
2025-03-13 09:58:59,0.91650000,84.41754,b,l
2025-03-13 09:58:59,0.91650000,84.43069,b,l
2025-03-13 09:58:59,0.91650000,84.31289,b,l
2025-03-13 09:58:59,0.91650000,84.32593,b,l
2025-03-13 09:58:59,0.91650000,84.20965,b,l
2025-03-13 09:58:59,0.91650000,84.22280,b,l
2025-03-13 09:58:59,0.91650000,84.10771,b,l
2025-03-13 09:58:59,0.91650000,84.12075,b,l
2025-03-13 09:58:59,0.91650000,84.03675,b,l
2025-03-13 09:58:59,0.91650000,84.02012,b,l
2025-03-13 09:58:59,0.91650000,83.93720,b,l
2025-03-13 09:58:59,0.91650000,83.92090,b,l
2025-03-13 09:58:59,0.91650000,83.83896,b,l
2025-03-13 09:58:59,0.91650000,83.82288,b,l
2025-03-13 09:58:59,0.91650000,83.74191,b,l
2025-03-13 09:58:59,0.91650000,83.72616,b,l
2025-03-13 09:58:59,0.91650000,83.64628,b,l
2025-03-13 09:58:59,0.91650000,83.63074,b,l
2025-03-13 09:58:59,0.91650000,83.55184,b,l
2025-03-13 09:58:59,0.91650000,83.53652,b,l
2025-03-13 09:58:59,0.91650000,83.45871,b,l
2025-03-13 10:57:41,0.91800000,692.56536,b,l
2025-03-13 10:57:41,0.91800000,692.72065,b,l
2025-03-13 10:58:34,0.91750000,2062.70583,b,l
2025-03-13 10:58:34,0.91750000,40.89577,b,l
2025-03-13 10:58:34,0.91750000,40.71193,b,l
2025-03-13 10:58:34,0.91750000,40.71193,b,l
2025-03-13 10:59:01,0.91800000,692.90867,b,l
2025-03-13 10:59:01,0.91800000,693.06404,b,l
2025-03-13 10:59:01,0.91800000,693.21944,b,l
2025-03-13 10:59:01,0.91800000,693.37488,b,l
2025-03-13 11:00:14,0.91750000,10000.00000,b,l
2025-03-13 11:58:45,0.91850000,25.77347,b,l
2025-03-13 11:58:45,0.91850000,25.77922,b,l
2025-03-13 11:58:45,0.91850000,24.42232,b,l
2025-03-13 11:58:45,0.91850000,24.42755,b,l
2025-03-13 11:58:45,0.91850000,24.43278,b,l
2025-03-13 11:58:45,0.91850000,24.43801,b,l
2025-03-13 11:58:45,0.91850000,24.44324,b,l
2025-03-13 12:22:13,0.91850000,61.67638,b,l
2025-03-13 12:22:13,0.91850000,61.67638,b,l
2025-03-13 12:39:10,0.91850000,3693.76057,b,l
2025-03-13 12:39:58,0.91850000,24.13594,b,l
2025-03-13 12:39:58,0.91850000,24.14039,b,l
2025-03-13 12:39:58,0.91850000,24.14484,b,l
2025-03-13 12:39:58,0.91850000,24.14928,b,l
2025-03-13 12:39:58,0.91850000,24.15373,b,l
2025-03-13 12:39:58,0.91850000,24.15806,b,l
2025-03-13 12:39:58,0.91850000,24.16240,b,l
2025-03-13 12:39:58,0.91850000,24.16674,b,l
2025-03-13 12:40:22,0.91800000,9999.90000,b,l
2025-03-13 12:40:22,0.91800000,0.10000,b,l
2025-03-13 12:40:30,0.91850000,9999.89999,b,l
2025-03-13 12:40:30,0.91850000,0.10001,b,l
2025-03-13 12:41:17,0.91850000,137.22204,b,l
2025-03-13 12:41:17,0.91850000,137.25944,b,l
2025-03-13 12:41:17,0.91850000,137.29685,b,l
2025-03-13 12:41:17,0.91850000,137.33426,b,l
2025-03-13 12:41:17,0.91850000,137.37166,b,l
2025-03-13 12:41:42,0.91850000,9999.90000,b,l
2025-03-13 12:41:42,0.91850000,0.10000,b,l
2025-03-13 12:42:22,0.91900000,75.49333,b,l
2025-03-13 12:42:22,0.91900000,75.50622,b,l
2025-03-13 12:42:22,0.91900000,75.51923,b,l
2025-03-13 12:42:22,0.91900000,75.53213,b,l
2025-03-13 12:42:22,0.91900000,75.54513,b,l
2025-03-13 12:42:28,0.91900000,75.55814,b,l
2025-03-13 12:42:28,0.91900000,75.57233,b,l
2025-03-13 12:42:28,0.91900000,75.58653,b,l
2025-03-13 12:42:32,0.91900000,75.94397,b,l
2025-03-13 12:42:32,0.91900000,75.08517,b,l
2025-03-13 12:43:39,0.91950000,50.15379,b,l
2025-03-13 12:43:39,0.91950000,31.14320,b,l
2025-03-13 12:43:39,0.91950000,31.14814,b,l
2025-03-13 12:43:39,0.91950000,75.95575,b,l
2025-03-13 12:43:39,0.91950000,75.96690,b,l
2025-03-13 12:43:39,0.91950000,75.97773,b,l
2025-03-13 12:43:39,0.91950000,75.98867,b,l
2025-03-13 12:43:46,0.91900000,76.02320,b,l
2025-03-13 12:43:46,0.91900000,76.05443,b,l
2025-03-13 12:43:46,0.91900000,76.08445,b,l
2025-03-13 12:43:46,0.91900000,76.11446,b,l
2025-03-13 12:43:46,0.91900000,76.14448,b,l
2025-03-13 12:43:46,0.91900000,76.17449,b,l
2025-03-13 12:43:46,0.91900000,35.40449,b,l
2025-03-13 12:46:00,0.92000000,64.76126,b,l
2025-03-13 12:46:00,0.92000000,64.77085,b,l
2025-03-13 12:46:00,0.92000000,64.77951,b,l
2025-03-13 12:46:00,0.92000000,64.78817,b,l
2025-03-13 12:46:01,0.92000000,64.79683,b,l
2025-03-13 12:46:38,0.92000000,64.79726,b,l
2025-03-13 12:46:42,0.92000000,64.79199,b,l
2025-03-13 12:46:42,0.92000000,64.20801,b,l
2025-03-13 12:46:46,0.92050000,129.00000,b,l
2025-03-13 12:47:25,0.92050000,385.71882,b,l
2025-03-13 12:47:25,0.92050000,385.77628,b,l
2025-03-13 12:47:25,0.92050000,385.83373,b,l
2025-03-13 12:47:25,0.92050000,385.89130,b,l
2025-03-13 12:47:25,0.92050000,385.94886,b,l
2025-03-13 12:47:25,0.92050000,386.00642,b,l
2025-03-13 12:48:00,0.92050000,387.27661,b,l
2025-03-13 12:48:00,0.92050000,387.27931,b,l
2025-03-13 12:49:48,0.92050000,387.14438,b,l
2025-03-13 12:49:48,0.92050000,387.14590,b,l
2025-03-13 12:50:42,0.91900000,43.88176,s,l
2025-03-13 12:50:58,0.92000000,387.35685,b,l
2025-03-13 12:57:40,0.91950000,248.25476,b,l
2025-03-13 12:57:41,0.91950000,248.29862,b,l
2025-03-13 12:57:41,0.91950000,248.34260,b,l
2025-03-13 12:57:41,0.91950000,248.38658,b,l
2025-03-13 12:57:41,0.91950000,248.43056,b,l
2025-03-13 12:57:41,0.91950000,248.47443,b,l
2025-03-13 12:57:41,0.91950000,248.51841,b,l
2025-03-13 12:57:43,0.92000000,249.10577,b,l
2025-03-13 12:57:43,0.92000000,249.14128,b,l
2025-03-13 12:57:43,0.92000000,249.17678,b,l
2025-03-13 12:57:43,0.92000000,249.21229,b,l
2025-03-13 12:57:43,0.92000000,249.24780,b,l
2025-03-13 12:57:43,0.92000000,249.28331,b,l
2025-03-13 12:57:56,0.91950000,9985.01871,b,l
2025-03-13 12:57:56,0.91950000,14.98129,b,l
2025-03-13 14:40:03,0.91850000,10000.00000,b,l
2025-03-13 14:43:56,0.91950000,4664.92064,s,l
2025-03-13 14:43:56,0.91950000,15.91850,s,l
2025-03-13 14:44:01,0.91850000,74.94467,s,l
2025-03-13 14:52:22,0.91950000,34.68017,s,l
2025-03-13 17:21:08,0.92000000,26.43990,s,l
2025-03-13 17:27:07,0.91950000,7.86170,s,l
2025-03-13 20:00:33,0.92050000,543.18305,s,l
2025-03-14 20:54:07,0.91700000,22.91755,b,l
2025-03-14 20:54:07,0.91700000,22.92222,b,l
2025-03-14 20:54:07,0.91700000,22.92689,b,l
2025-03-14 20:54:07,0.91700000,22.93156,b,l
2025-03-14 20:54:07,0.91700000,22.93634,b,l
2025-03-14 20:54:07,0.91700000,22.94112,b,l
2025-03-14 20:54:07,0.91700000,22.94590,b,l
2025-03-14 20:54:07,0.91700000,22.95057,b,l
2025-03-14 20:54:07,0.91700000,22.95524,b,l
2025-03-14 20:54:07,0.91700000,22.95991,b,l
2025-03-14 20:54:07,0.91700000,22.96469,b,l
2025-03-14 20:54:07,0.91700000,22.96947,b,l
2025-03-14 20:54:07,0.91700000,22.97425,b,l
2025-03-14 20:54:07,0.91700000,22.97892,b,l
2025-03-14 20:54:07,0.91700000,22.98359,b,l
2025-03-14 20:54:07,0.91700000,22.98826,b,l
2025-03-14 20:54:07,0.91700000,22.99304,b,l
2025-03-14 20:54:07,0.91700000,22.99782,b,l
2025-03-14 20:54:07,0.91700000,23.00260,b,l
2025-03-14 20:54:07,0.91700000,23.00738,b,l
2025-03-14 20:54:07,0.91700000,23.01205,b,l
2025-03-14 20:54:07,0.91700000,23.01683,b,l
2025-03-14 20:54:07,0.91700000,23.02161,b,l
2025-03-14 20:54:07,0.91700000,23.02639,b,l
2025-03-14 20:54:07,0.91700000,23.03116,b,l
2025-03-14 20:54:07,0.91700000,23.03594,b,l
2025-03-14 20:54:07,0.91700000,23.04061,b,l
2025-03-14 20:54:08,0.91700000,23.04539,b,l
2025-03-14 20:54:08,0.91700000,23.05017,b,l
2025-03-14 20:54:08,0.91700000,23.05495,b,l
2025-03-14 20:54:08,0.91700000,23.05973,b,l
2025-03-14 20:54:08,0.91700000,23.06451,b,l
2025-03-14 20:54:08,0.91700000,23.06918,b,l
2025-03-14 20:54:08,0.91700000,23.07396,b,l
2025-03-14 20:54:08,0.91700000,23.07874,b,l
2025-03-14 20:54:08,0.91700000,23.08352,b,l
2025-03-14 20:54:08,0.91700000,23.08830,b,l
2025-03-14 20:54:08,0.91700000,23.09308,b,l
2025-03-14 20:54:08,0.91700000,23.09775,b,l
2025-03-14 20:54:08,0.91700000,23.10252,b,l
2025-03-14 20:54:08,0.91700000,23.10730,b,l
2025-03-14 20:54:08,0.91700000,23.11208,b,l
2025-03-14 20:54:08,0.91700000,23.11686,b,l
2025-03-14 20:54:08,0.91700000,23.12164,b,l
2025-03-14 20:54:08,0.91700000,23.12642,b,l
2025-03-14 20:54:08,0.91700000,23.13120,b,l
2025-03-14 20:54:08,0.91700000,23.13598,b,l
2025-03-14 20:54:08,0.91700000,23.14076,b,l
2025-03-14 20:54:08,0.91700000,23.14554,b,l
2025-03-14 20:54:08,0.91700000,23.15032,b,l
2025-03-14 20:54:08,0.91700000,23.15520,b,l
2025-03-14 20:54:08,0.91700000,330.48755,b,l
2025-03-14 20:54:08,0.91700000,23.15998,b,l
2025-03-14 20:54:21,0.91700000,25.31262,b,l
2025-03-14 20:54:21,0.91700000,25.30393,b,l
2025-03-14 20:54:21,0.91700000,25.30426,b,l
2025-03-14 20:54:21,0.91700000,25.30448,b,l
2025-03-14 20:54:21,0.91700000,25.30469,b,l
2025-03-14 20:54:21,0.91700000,25.30491,b,l
2025-03-14 20:54:21,0.91700000,25.30513,b,l
2025-03-14 20:54:21,0.91700000,25.30545,b,l
2025-03-14 20:54:21,0.91700000,25.30567,b,l
2025-03-14 20:54:21,0.91700000,25.30589,b,l
2025-03-14 20:54:21,0.91700000,25.30611,b,l
2025-03-14 20:54:21,0.91700000,25.30632,b,l
2025-03-14 20:54:21,0.91700000,25.30654,b,l
2025-03-14 20:54:21,0.91700000,25.30687,b,l
2025-03-14 20:54:21,0.91700000,25.30708,b,l
2025-03-14 20:54:21,0.91700000,25.30730,b,l
2025-03-14 20:54:21,0.91700000,25.30752,b,l
2025-03-14 20:54:21,0.91700000,25.30774,b,l
2025-03-14 20:54:21,0.91700000,25.30806,b,l
2025-03-14 20:54:21,0.91700000,25.30828,b,l
2025-03-14 20:54:21,0.91700000,25.30850,b,l
2025-03-14 20:54:46,0.91700000,25.30831,b,l
2025-03-14 20:54:46,0.91700000,25.30893,b,l
2025-03-14 20:54:46,0.91700000,25.30926,b,l
2025-03-14 20:54:46,0.91700000,25.30947,b,l
2025-03-14 20:54:46,0.91700000,25.30969,b,l
2025-03-14 20:54:46,0.91700000,25.30991,b,l
2025-03-14 20:54:46,0.91700000,25.31013,b,l
2025-03-14 20:54:46,0.91700000,25.31034,b,l
2025-03-14 20:54:46,0.91700000,25.31056,b,l
2025-03-14 20:54:46,0.91700000,25.31078,b,l
2025-03-14 20:54:46,0.91700000,25.31099,b,l
2025-03-14 20:54:46,0.91700000,25.31121,b,l
2025-03-14 20:54:46,0.91700000,25.31143,b,l
2025-03-14 20:54:46,0.91700000,25.31165,b,l
2025-03-14 20:54:46,0.91700000,25.31186,b,l
2025-03-14 20:54:46,0.91700000,25.31208,b,l
2025-03-14 20:54:46,0.91700000,25.31230,b,l
2025-03-14 20:55:45,0.91700000,10000.00000,b,l
2025-03-14 20:55:56,0.91650000,10000.00000,b,l
2025-03-14 20:56:27,0.91650000,10000.00000,b,l
2025-03-14 20:57:11,0.91650000,9999.90000,b,l
2025-03-14 20:57:11,0.91650000,0.10000,b,l
2025-03-14 20:57:27,0.91700000,10000.00000,b,l
2025-03-14 20:57:33,0.91700000,10000.00000,b,l
2025-03-14 20:57:35,0.91700000,7687.99999,b,l
2025-03-14 20:57:35,0.91700000,18.76973,b,l
2025-03-14 20:57:55,0.91650000,10000.00000,b,l
2025-03-14 20:57:58,0.91650000,10000.00000,b,l
2025-03-14 20:58:09,0.91650000,53.58393,b,l
2025-03-14 20:58:09,0.91650000,53.59349,b,l
2025-03-14 20:58:09,0.91650000,53.60316,b,l
2025-03-14 20:58:09,0.91650000,53.61283,b,l
2025-03-14 20:58:09,0.91650000,53.62250,b,l
2025-03-14 20:58:09,0.91650000,53.63218,b,l
2025-03-14 20:58:09,0.91650000,53.64185,b,l
2025-03-14 20:58:09,0.91650000,53.65152,b,l
2025-03-14 20:58:09,0.91650000,53.66119,b,l
2025-03-14 20:58:09,0.91650000,53.67087,b,l
2025-03-14 20:58:09,0.91650000,53.68054,b,l
2025-03-14 20:58:09,0.91650000,53.69032,b,l
2025-03-14 20:58:09,0.91650000,47.26180,b,l
2025-03-14 20:58:11,0.91600000,9999.89999,b,l
2025-03-14 20:58:11,0.91600000,0.10001,b,l
2025-03-14 20:58:25,0.91600000,9999.89999,b,l
2025-03-14 20:58:25,0.91600000,0.10001,b,l
2025-03-14 20:58:25,0.91650000,87.68864,b,l
2025-03-14 20:58:25,0.91650000,87.69722,b,l
2025-03-14 20:58:25,0.91650000,87.70429,b,l
2025-03-14 20:58:25,0.91650000,87.71135,b,l
2025-03-14 20:58:25,0.91650000,87.71842,b,l
2025-03-14 20:58:25,0.91650000,87.72559,b,l
2025-03-14 20:58:25,0.91650000,87.73265,b,l
2025-03-14 20:58:25,0.91650000,87.73972,b,l
2025-03-14 20:58:25,0.91650000,87.74678,b,l
2025-03-14 20:58:25,0.91650000,87.75395,b,l
2025-03-14 20:58:25,0.91650000,87.76102,b,l
2025-03-14 20:58:25,0.91650000,87.76808,b,l
2025-03-14 20:58:25,0.91650000,87.77525,b,l
2025-03-14 20:58:25,0.91650000,87.78243,b,l
2025-03-14 20:58:25,0.91650000,87.78960,b,l
2025-03-14 20:58:25,0.91650000,87.79666,b,l
2025-03-14 20:58:25,0.91650000,87.80383,b,l
2025-03-14 20:58:25,0.91650000,87.81101,b,l
2025-03-14 20:58:25,0.91650000,87.81807,b,l
2025-03-14 20:58:25,0.91650000,87.82503,b,l
2025-03-14 20:58:25,0.91650000,87.83209,b,l
2025-03-14 20:58:25,0.91650000,87.83915,b,l
2025-03-14 20:58:25,0.91650000,87.84611,b,l
2025-03-14 20:58:25,0.91650000,87.85295,b,l
2025-03-14 20:58:25,0.91650000,87.85991,b,l
2025-03-14 20:58:25,0.91650000,87.86687,b,l
2025-03-14 20:58:25,0.91650000,87.87382,b,l
2025-03-14 20:58:25,0.91650000,87.88067,b,l
2025-03-14 20:58:25,0.91650000,87.88762,b,l
2025-03-14 20:58:25,0.91650000,87.89458,b,l
2025-03-14 20:58:25,0.91650000,87.90153,b,l
2025-03-14 20:58:25,0.91650000,87.90838,b,l
2025-03-14 20:58:25,0.91650000,87.91533,b,l
2025-03-14 20:58:25,0.91650000,87.92229,b,l
2025-03-14 20:58:25,0.91650000,87.92924,b,l
2025-03-14 20:58:25,0.91650000,87.93620,b,l
2025-03-14 20:58:25,0.91650000,87.94315,b,l
2025-03-14 20:58:25,0.91650000,87.95011,b,l
2025-03-14 20:58:25,0.91650000,87.95706,b,l
2025-03-14 20:58:25,0.91650000,87.96402,b,l
2025-03-14 20:58:25,0.91650000,87.97098,b,l
2025-03-14 20:58:28,0.91650000,47.23336,b,l
2025-03-14 20:58:28,0.91650000,47.23336,b,l
2025-03-14 20:58:28,0.91650000,47.23336,b,l
2025-03-14 20:58:36,0.91600000,47.40028,b,l
2025-03-14 20:58:36,0.91600000,47.41362,b,l
2025-03-14 20:58:36,0.91600000,47.42696,b,l
2025-03-14 20:58:36,0.91600000,47.44030,b,l
2025-03-14 20:58:36,0.91600000,47.45365,b,l
2025-03-14 20:58:36,0.91600000,47.46700,b,l
2025-03-14 20:58:36,0.91600000,47.48035,b,l
2025-03-14 20:58:36,0.91600000,47.49371,b,l
2025-03-14 20:58:36,0.91600000,47.50707,b,l
2025-03-14 20:58:36,0.91600000,47.52044,b,l
2025-03-14 20:58:36,0.91600000,47.53381,b,l
2025-03-14 20:58:36,0.91600000,47.54718,b,l
2025-03-14 20:58:36,0.91600000,47.56056,b,l
2025-03-14 20:58:36,0.91600000,47.57394,b,l
2025-03-14 20:58:36,0.91600000,47.58732,b,l
2025-03-14 20:58:36,0.91600000,47.60071,b,l
2025-03-14 20:58:36,0.91600000,47.61410,b,l
2025-03-14 20:58:36,0.91600000,47.62750,b,l
2025-03-14 20:58:36,0.91600000,47.64090,b,l
2025-03-14 20:58:36,0.91600000,47.65430,b,l
2025-03-14 20:58:36,0.91600000,47.66771,b,l
2025-03-14 20:58:36,0.91600000,47.68112,b,l
2025-03-14 20:58:36,0.91600000,47.69453,b,l
2025-03-14 20:58:36,0.91600000,47.70795,b,l
2025-03-14 20:58:36,0.91600000,47.72137,b,l
2025-03-14 20:58:36,0.91600000,47.73480,b,l
2025-03-14 20:58:36,0.91600000,47.74823,b,l
2025-03-14 20:58:36,0.91600000,47.76166,b,l
2025-03-14 20:58:38,0.91600000,8526.73893,b,l
2025-03-14 20:58:38,0.91600000,140.91332,b,l
2025-03-14 20:58:56,0.91600000,8657.91342,b,l
2025-03-14 20:58:56,0.91600000,8.83378,b,l
2025-03-14 20:58:57,0.91550000,9999.90000,b,l
2025-03-14 20:58:59,0.91550000,152.99367,b,l
2025-03-14 20:58:59,0.91550000,1457.93786,b,l
2025-03-14 20:58:59,0.91550000,2975.52162,b,l
2025-03-14 20:58:59,0.91550000,5412.54685,b,l
2025-03-14 20:58:59,0.91600000,588.16940,b,l
2025-03-14 20:58:59,0.91600000,108.35892,b,l
2025-03-14 20:58:59,0.91600000,108.03588,b,l
2025-03-14 20:58:59,0.91600000,108.03751,b,l
2025-03-14 20:58:59,0.91600000,108.03914,b,l
2025-03-14 20:58:59,0.91600000,108.04077,b,l
2025-03-14 20:58:59,0.91600000,108.04251,b,l
2025-03-14 20:58:59,0.91600000,108.04425,b,l
2025-03-14 20:58:59,0.91600000,108.04599,b,l
2025-03-14 20:58:59,0.91600000,108.04773,b,l
2025-03-14 20:58:59,0.91600000,108.04947,b,l
2025-03-14 20:58:59,0.91600000,108.05121,b,l
2025-03-14 20:58:59,0.91600000,108.05295,b,l
2025-03-14 20:58:59,0.91600000,108.05469,b,l
2025-03-14 20:58:59,0.91600000,108.05643,b,l
2025-03-14 20:58:59,0.91600000,108.05817,b,l
2025-03-14 20:58:59,0.91600000,108.05991,b,l
2025-03-14 20:58:59,0.91600000,108.06154,b,l
2025-03-14 20:58:59,0.91600000,108.06317,b,l
2025-03-14 20:58:59,0.91600000,108.06480,b,l
2025-03-14 20:58:59,0.91600000,108.06643,b,l
2025-03-14 20:58:59,0.91600000,108.06817,b,l
2025-03-14 20:58:59,0.91600000,108.06991,b,l
2025-03-14 20:58:59,0.91600000,108.07165,b,l
2025-03-14 20:58:59,0.91600000,108.07339,b,l
2025-03-14 20:58:59,0.91600000,108.07513,b,l
2025-03-14 20:58:59,0.91600000,108.07687,b,l
2025-03-14 20:58:59,0.91600000,108.07861,b,l
2025-03-14 20:58:59,0.91600000,108.08035,b,l
2025-03-14 20:58:59,0.91600000,108.08209,b,l
2025-03-14 20:58:59,0.91600000,108.08383,b,l
2025-03-14 20:58:59,0.91600000,108.08557,b,l
2025-03-14 20:58:59,0.91600000,108.08731,b,l
2025-03-14 20:58:59,0.91600000,108.08905,b,l
2025-03-14 20:58:59,0.91600000,108.09068,b,l
2025-03-14 20:58:59,0.91600000,108.09231,b,l
2025-03-14 20:59:00,0.91600000,108.09394,b,l
2025-03-14 20:59:00,0.91600000,108.09568,b,l
2025-03-14 20:59:00,0.91600000,108.09742,b,l
2025-03-14 20:59:00,0.91600000,108.09916,b,l
2025-03-14 20:59:00,0.91600000,108.10090,b,l
2025-03-14 20:59:00,0.91600000,108.10296,b,l
2025-03-14 20:59:00,0.91600000,108.10470,b,l
2025-03-14 20:59:00,0.91600000,108.10644,b,l
2025-03-14 20:59:00,0.91600000,108.10818,b,l
2025-03-14 20:59:00,0.91600000,108.10992,b,l
2025-03-14 20:59:00,0.91600000,108.11166,b,l
2025-03-14 20:59:00,0.91600000,108.11340,b,l
2025-03-14 20:59:00,0.91600000,108.11503,b,l
2025-03-14 20:59:00,0.91600000,108.11666,b,l
2025-03-14 20:59:00,0.91600000,108.11830,b,l
2025-03-14 20:59:00,0.91600000,108.11993,b,l
2025-03-14 20:59:00,0.91600000,108.12156,b,l
2025-03-14 20:59:00,0.91600000,108.12330,b,l
2025-03-14 20:59:00,0.91600000,108.12504,b,l
2025-03-14 20:59:00,0.91600000,108.12678,b,l
2025-03-14 20:59:00,0.91600000,108.12852,b,l
2025-03-14 20:59:00,0.91600000,108.13026,b,l
2025-03-14 20:59:00,0.91600000,108.13200,b,l
2025-03-14 20:59:00,0.91600000,108.13374,b,l
2025-03-14 20:59:00,0.91600000,108.13548,b,l
2025-03-14 20:59:00,0.91600000,108.13722,b,l
2025-03-14 20:59:00,0.91600000,108.13896,b,l
2025-03-14 20:59:00,0.91600000,108.14070,b,l
2025-03-14 20:59:00,0.91600000,108.14243,b,l
2025-03-14 20:59:00,0.91600000,108.14417,b,l
2025-03-14 20:59:00,0.91600000,108.14581,b,l
2025-03-14 20:59:00,0.91600000,108.14744,b,l
2025-03-14 20:59:00,0.91600000,108.14907,b,l
2025-03-14 20:59:00,0.91600000,108.15081,b,l
2025-03-14 20:59:00,0.91600000,108.15255,b,l
2025-03-14 20:59:00,0.91600000,108.15429,b,l
2025-03-14 20:59:00,0.91600000,108.15603,b,l
2025-03-14 20:59:00,0.91600000,108.15777,b,l
2025-03-14 20:59:00,0.91600000,108.15951,b,l
2025-03-14 20:59:00,0.91600000,108.16125,b,l
2025-03-14 20:59:00,0.91600000,108.16299,b,l
2025-03-14 20:59:00,0.91600000,108.16473,b,l
2025-03-14 20:59:00,0.91600000,108.16646,b,l
2025-03-14 20:59:00,0.91600000,108.16820,b,l
2025-03-14 20:59:00,0.91600000,108.16994,b,l
2025-03-14 20:59:00,0.91600000,108.17168,b,l
2025-03-14 20:59:00,0.91600000,108.17332,b,l
2025-03-14 20:59:00,0.91600000,108.17495,b,l
2025-03-14 20:59:00,0.91600000,108.17658,b,l
2025-03-14 20:59:00,0.91600000,108.17832,b,l
2025-03-14 20:59:00,0.91600000,108.18006,b,l
2025-03-14 20:59:00,0.91600000,108.18180,b,l
2025-03-14 20:59:02,0.91600000,6.11620,b,l
2025-03-14 20:59:05,0.91600000,108.19495,b,l
2025-03-14 20:59:05,0.91600000,108.20746,b,l
2025-03-14 20:59:05,0.91600000,108.21996,b,l
2025-03-14 20:59:05,0.91600000,108.23247,b,l
2025-03-14 20:59:05,0.91600000,108.24497,b,l
2025-03-14 20:59:05,0.91600000,108.25747,b,l
2025-03-14 20:59:05,0.91600000,108.26998,b,l
2025-03-14 20:59:05,0.91600000,108.28248,b,l
2025-03-14 20:59:05,0.91600000,108.29488,b,l
2025-03-14 20:59:05,0.91600000,108.30738,b,l
2025-03-14 20:59:05,0.91600000,108.31989,b,l
2025-03-14 20:59:05,0.91600000,108.33239,b,l
2025-03-14 20:59:05,0.91600000,108.34490,b,l
2025-03-14 20:59:05,0.91600000,108.35740,b,l
2025-03-14 20:59:05,0.91600000,108.36991,b,l
2025-03-14 20:59:05,0.91600000,108.38252,b,l
2025-03-14 20:59:05,0.91600000,108.39502,b,l
2025-03-14 20:59:05,0.91600000,108.40764,b,l
2025-03-14 20:59:05,0.91600000,108.42014,b,l
2025-03-14 20:59:05,0.91600000,108.43275,b,l
2025-03-14 20:59:05,0.91600000,108.44526,b,l
2025-03-14 20:59:05,0.91600000,108.45776,b,l
2025-03-14 20:59:05,0.91600000,108.47038,b,l
2025-03-14 20:59:05,0.91600000,108.48288,b,l
2025-03-14 20:59:05,0.91600000,108.49549,b,l
2025-03-14 20:59:05,0.91600000,108.50800,b,l
2025-03-14 20:59:05,0.91600000,108.52061,b,l
2025-03-14 20:59:05,0.91600000,108.53311,b,l
2025-03-14 20:59:05,0.91600000,108.54573,b,l
2025-03-14 20:59:45,0.91600000,108.56921,b,l
2025-03-14 20:59:45,0.91600000,108.59259,b,l
2025-03-14 20:59:45,0.91600000,108.61597,b,l
2025-03-14 20:59:45,0.91600000,108.63935,b,l
2025-03-14 20:59:45,0.91600000,108.66273,b,l
2025-03-14 20:59:45,0.91600000,5.14569,b,l
2025-03-14 20:59:45,0.91600000,108.68251,b,l
2025-03-14 20:59:45,0.91600000,108.69393,b,l
2025-03-14 20:59:45,0.91600000,108.70546,b,l
2025-03-14 20:59:45,0.91600000,108.71698,b,l
2025-03-14 20:59:45,0.91600000,47.25885,b,l
2025-03-14 20:59:45,0.91600000,47.25885,b,l
2025-03-14 20:59:45,0.91600000,108.77624,b,l
2025-03-14 20:59:45,0.91600000,108.78777,b,l
2025-03-14 20:59:45,0.91600000,108.79929,b,l
2025-03-14 20:59:45,0.91600000,108.81093,b,l
2025-03-14 20:59:45,0.91600000,108.82245,b,l
2025-03-14 20:59:45,0.91600000,108.83398,b,l
2025-03-14 20:59:47,0.91650000,108.85144,b,l
2025-03-14 20:59:47,0.91650000,108.86915,b,l
2025-03-14 20:59:55,0.91600000,108.92241,b,l
2025-03-14 20:59:55,0.91600000,108.96677,b,l
2025-03-14 20:59:55,0.91600000,108.11081,b,l
2025-03-14 20:59:55,0.91600000,109.02264,b,l
2025-03-14 21:00:29,0.91600000,9999.89999,b,l
2025-03-14 21:00:29,0.91600000,0.10001,b,l
2025-03-14 21:00:53,0.91550000,10.42602,s,l
2025-03-14 21:03:15,0.91600000,49.04933,b,l
2025-03-14 21:03:15,0.91600000,49.07454,b,l
2025-03-14 21:03:15,0.91600000,49.07454,b,l
2025-03-14 21:03:15,0.91600000,49.09976,b,l
2025-03-14 21:03:15,0.91600000,49.12509,b,l
2025-03-14 21:03:15,0.91600000,49.15042,b,l
2025-03-14 21:03:15,0.91600000,49.17574,b,l
2025-03-14 21:03:15,0.91600000,49.20107,b,l
2025-03-14 21:03:16,0.91600000,49.22640,b,l
2025-03-14 21:03:16,0.91600000,49.25172,b,l
2025-03-14 21:03:16,0.91600000,49.27716,b,l
2025-03-14 21:03:16,0.91600000,49.30259,b,l
2025-03-14 21:03:16,0.91600000,49.32803,b,l
2025-03-14 21:03:16,0.91600000,49.35346,b,l
2025-03-14 21:03:16,0.91600000,49.37890,b,l
2025-03-14 21:03:16,0.91600000,49.40433,b,l
2025-03-14 21:03:16,0.91600000,49.42977,b,l
2025-03-14 21:03:16,0.91600000,49.45531,b,l
2025-03-14 21:03:16,0.91600000,49.48086,b,l
2025-03-14 21:03:16,0.91600000,49.50640,b,l
2025-03-14 21:03:16,0.91600000,49.53195,b,l
2025-03-14 21:03:16,0.91600000,49.55749,b,l
2025-03-14 21:03:16,0.91600000,49.58303,b,l
2025-03-14 21:03:16,0.91600000,49.60869,b,l
2025-03-14 21:03:16,0.91600000,49.63434,b,l
2025-03-14 21:03:16,0.91600000,49.65999,b,l
2025-03-14 21:03:16,0.91600000,49.68554,b,l
2025-03-14 21:03:16,0.91600000,49.71097,b,l
2025-03-14 21:03:16,0.91600000,49.73652,b,l
2025-03-14 21:03:16,0.91600000,49.76195,b,l
2025-03-14 21:03:18,0.91600000,50.11443,b,l
2025-03-14 21:03:18,0.91600000,50.12511,b,l
2025-03-14 21:03:18,0.91600000,50.13087,b,l
2025-03-14 21:03:18,0.91600000,50.13663,b,l
2025-03-14 21:03:18,0.91600000,50.14229,b,l
2025-03-14 21:03:18,0.91600000,50.14805,b,l
2025-03-14 21:03:18,0.91600000,50.15381,b,l
2025-03-14 21:03:18,0.91600000,50.15958,b,l
2025-03-14 21:03:18,0.91600000,50.16534,b,l
2025-03-14 21:03:18,0.91600000,50.17110,b,l
2025-03-14 21:03:18,0.91600000,50.17687,b,l
2025-03-14 21:03:18,0.91600000,50.18263,b,l
2025-03-14 21:03:18,0.91600000,50.18839,b,l
2025-03-14 21:03:18,0.91600000,50.19415,b,l
2025-03-14 21:03:18,0.91600000,50.19992,b,l
2025-03-14 21:03:18,0.91600000,50.20568,b,l
2025-03-14 21:03:18,0.91600000,50.21144,b,l
2025-03-14 21:03:18,0.91600000,50.21721,b,l
2025-03-14 21:03:18,0.91600000,50.22297,b,l
2025-03-14 21:03:18,0.91600000,50.22884,b,l
2025-03-14 21:03:18,0.91600000,50.23460,b,l
2025-03-14 21:03:18,0.91600000,50.24037,b,l
2025-03-14 21:03:18,0.91600000,50.24613,b,l
2025-03-14 21:03:18,0.91600000,50.25189,b,l
2025-03-14 21:03:18,0.91600000,50.25776,b,l
2025-03-14 21:03:18,0.91600000,50.26353,b,l
2025-03-14 21:03:18,0.91600000,50.26929,b,l
2025-03-14 21:03:18,0.91600000,50.27505,b,l
2025-03-14 21:03:22,0.91600000,50.29091,b,l
2025-03-14 21:03:22,0.91600000,50.30673,b,l
2025-03-14 21:03:22,0.91600000,50.32257,b,l
2025-03-14 21:03:22,0.91600000,50.33841,b,l
2025-03-14 21:03:22,0.91600000,50.35425,b,l
2025-03-14 21:03:22,0.91600000,50.37010,b,l
2025-03-14 21:03:22,0.91600000,50.38595,b,l
2025-03-14 21:03:22,0.91600000,50.40180,b,l
2025-03-14 21:03:22,0.91600000,50.41766,b,l
2025-03-14 21:03:22,0.91600000,50.43353,b,l
2025-03-14 21:03:22,0.91600000,50.44941,b,l
2025-03-14 21:03:22,0.91600000,50.46529,b,l
2025-03-14 21:03:22,0.91600000,50.48117,b,l
2025-03-14 21:03:22,0.91600000,50.49706,b,l
2025-03-14 21:03:22,0.91600000,50.51295,b,l
2025-03-14 21:03:22,0.91600000,50.52884,b,l
2025-03-14 21:03:22,0.91600000,50.54474,b,l
2025-03-14 21:03:22,0.91600000,50.56065,b,l
2025-03-14 21:03:22,0.91600000,50.57657,b,l
2025-03-14 21:03:22,0.91600000,50.59249,b,l
2025-03-14 21:03:22,0.91600000,50.60841,b,l
2025-03-14 21:03:22,0.91600000,50.62434,b,l
2025-03-14 21:03:22,0.91600000,50.64027,b,l
2025-03-14 21:03:22,0.91600000,50.65621,b,l
2025-03-14 21:03:25,0.91600000,2686.97313,b,l
2025-03-14 21:03:25,0.91600000,0.02687,b,l
2025-03-14 21:03:27,0.91650000,82.54813,b,l
2025-03-14 21:03:27,0.91650000,82.56215,b,l
2025-03-14 21:03:27,0.91650000,82.57627,b,l
2025-03-14 21:03:27,0.91650000,82.59029,b,l
2025-03-14 21:03:27,0.91650000,82.60442,b,l
2025-03-14 21:03:27,0.91650000,82.61844,b,l
2025-03-14 21:03:27,0.91650000,82.63257,b,l
2025-03-14 21:03:27,0.91650000,82.64659,b,l
2025-03-14 21:03:27,0.91650000,82.66071,b,l
2025-03-14 21:03:27,0.91650000,82.67495,b,l
2025-03-14 21:03:27,0.91650000,82.68908,b,l
2025-03-14 21:03:27,0.91650000,82.70331,b,l
2025-03-14 21:03:27,0.91650000,82.71744,b,l
2025-03-14 21:03:27,0.91650000,82.73168,b,l
2025-03-14 21:03:27,0.91650000,82.74581,b,l
2025-03-14 21:03:27,0.91650000,82.76004,b,l
2025-03-14 21:03:27,0.91650000,82.77417,b,l
2025-03-14 21:03:27,0.91650000,82.78841,b,l
2025-03-14 21:03:27,0.91650000,82.80253,b,l
2025-03-14 21:03:27,0.91650000,82.81677,b,l
2025-03-14 21:03:27,0.91650000,82.83090,b,l
2025-03-14 21:03:27,0.91650000,82.84513,b,l
2025-03-14 21:03:27,0.91650000,82.85926,b,l
2025-03-14 21:03:27,0.91650000,82.87350,b,l
2025-03-14 21:03:27,0.91650000,82.88763,b,l
2025-03-14 21:03:27,0.91650000,82.90186,b,l
2025-03-14 21:03:27,0.91650000,82.91599,b,l
2025-03-14 21:03:27,0.91650000,82.93023,b,l
2025-03-14 21:03:27,0.91650000,82.94446,b,l
2025-03-14 21:03:27,0.91650000,82.95870,b,l
2025-03-14 21:03:27,0.91650000,82.97304,b,l
2025-03-14 21:03:27,0.91650000,82.98728,b,l
2025-03-14 21:03:27,0.91650000,83.00163,b,l
2025-03-14 21:03:27,0.91650000,83.01586,b,l
2025-03-14 21:03:27,0.91650000,83.03021,b,l
2025-03-14 21:04:11,0.91650000,82.99815,b,l
2025-03-14 21:04:11,0.91650000,83.01249,b,l
2025-03-14 21:04:11,0.91650000,83.02673,b,l
2025-03-14 21:04:11,0.91650000,83.04097,b,l
2025-03-14 21:04:11,0.91650000,83.05520,b,l
2025-03-14 21:04:11,0.91650000,83.06944,b,l
2025-03-14 21:04:11,0.91650000,83.08367,b,l
2025-03-14 21:04:11,0.91650000,83.09791,b,l
2025-03-14 21:04:11,0.91650000,83.11215,b,l
2025-03-14 21:04:11,0.91650000,83.12638,b,l
2025-03-14 21:04:11,0.91650000,83.14062,b,l
2025-03-14 21:04:12,0.91650000,83.15486,b,l
2025-03-14 21:04:12,0.91650000,83.16920,b,l
2025-03-14 21:04:12,0.91650000,83.18344,b,l
2025-03-14 21:04:12,0.91650000,83.19778,b,l
2025-03-14 21:04:12,0.91650000,83.21202,b,l
2025-03-14 21:04:12,0.91650000,83.22636,b,l
2025-03-14 21:04:12,0.91650000,83.24060,b,l
2025-03-14 21:04:12,0.91650000,83.25494,b,l
2025-03-14 21:04:12,0.91650000,83.26918,b,l
2025-03-14 21:04:12,0.91650000,83.28353,b,l
2025-03-14 21:04:12,0.91650000,83.29776,b,l
2025-03-14 21:04:12,0.91650000,83.31211,b,l
2025-03-14 21:04:12,0.91650000,83.32645,b,l
2025-03-14 21:04:12,0.91650000,83.34080,b,l
2025-03-14 21:04:12,0.91650000,83.35514,b,l
2025-03-14 21:04:12,0.91650000,83.36949,b,l
2025-03-14 21:04:12,0.91650000,83.38383,b,l
2025-03-14 21:04:12,0.91650000,83.39818,b,l
2025-03-14 21:04:12,0.91650000,83.41252,b,l
2025-03-14 21:04:12,0.91650000,83.42687,b,l
2025-03-14 21:04:12,0.91650000,83.44121,b,l
2025-03-14 21:04:12,0.91650000,83.45545,b,l
2025-03-14 21:04:12,0.91650000,83.46969,b,l
2025-03-14 21:05:10,0.91600000,9999.89999,b,l
2025-03-14 21:05:10,0.91600000,0.10001,b,l
2025-03-14 21:05:38,0.91600000,9999.89999,b,l
2025-03-14 21:05:38,0.91600000,0.10001,b,l
2025-03-14 21:05:55,0.91650000,15.73701,b,l
2025-03-14 21:05:55,0.91650000,15.73973,b,l
2025-03-14 21:05:55,0.91650000,15.74245,b,l
2025-03-14 21:05:55,0.91650000,15.74516,b,l
2025-03-14 21:05:55,0.91650000,15.74799,b,l
2025-03-14 21:05:55,0.91650000,15.75081,b,l
2025-03-14 21:05:55,0.91650000,15.75364,b,l
2025-03-14 21:05:55,0.91650000,15.75647,b,l
2025-03-14 21:05:55,0.91650000,15.75929,b,l
2025-03-14 21:05:55,0.91650000,15.76212,b,l
2025-03-14 21:05:55,0.91650000,15.76494,b,l
2025-03-14 21:05:56,0.91650000,15.76777,b,l
2025-03-14 21:05:56,0.91650000,15.77048,b,l
2025-03-14 21:05:56,0.91650000,15.77331,b,l
2025-03-14 21:05:56,0.91650000,15.77614,b,l
2025-03-14 21:05:56,0.91650000,15.77896,b,l
2025-03-14 21:05:56,0.91650000,15.78179,b,l
2025-03-14 21:05:56,0.91650000,15.78461,b,l
2025-03-14 21:05:56,0.91650000,15.78744,b,l
2025-03-14 21:05:56,0.91650000,15.79026,b,l
2025-03-14 21:05:56,0.91650000,15.79309,b,l
2025-03-14 21:05:56,0.91650000,15.79591,b,l
2025-03-14 21:05:56,0.91650000,15.79863,b,l
2025-03-14 21:05:56,0.91650000,15.80146,b,l
2025-03-14 21:05:56,0.91650000,15.80428,b,l
2025-03-14 21:05:56,0.91650000,15.80711,b,l
2025-03-14 21:05:56,0.91650000,15.80993,b,l
2025-03-14 21:05:56,0.91650000,15.81276,b,l
2025-03-14 21:05:56,0.91650000,15.81558,b,l
2025-03-14 21:05:56,0.91650000,15.81830,b,l
2025-03-14 21:05:56,0.91650000,15.82102,b,l
2025-03-14 21:05:56,0.91650000,15.82363,b,l
2025-03-14 21:05:56,0.91650000,15.82623,b,l
2025-03-14 21:05:56,0.91650000,15.82884,b,l
2025-03-14 21:05:56,0.91650000,15.83145,b,l
2025-03-14 21:05:56,0.91650000,15.83406,b,l
2025-03-14 21:05:56,0.91650000,15.83667,b,l
2025-03-14 21:05:56,0.91650000,15.83927,b,l
2025-03-14 21:05:56,0.91650000,15.84188,b,l
2025-03-14 21:05:56,0.91650000,15.84449,b,l
2025-03-14 21:05:56,0.91650000,15.84710,b,l
2025-03-14 21:05:56,0.91650000,15.84971,b,l
2025-03-14 21:05:56,0.91650000,15.85232,b,l
2025-03-14 21:05:56,0.91650000,15.85492,b,l
2025-03-14 21:05:56,0.91650000,15.85764,b,l
2025-03-14 21:05:56,0.91650000,15.86025,b,l
2025-03-14 21:05:56,0.91650000,15.86286,b,l
2025-03-14 21:05:56,0.91650000,15.86547,b,l
2025-03-14 21:05:56,0.91650000,15.86807,b,l
2025-03-14 21:05:56,0.91650000,15.87068,b,l
2025-03-14 21:05:56,0.91650000,15.87329,b,l
2025-03-14 21:05:56,0.91650000,15.87590,b,l
2025-03-14 21:05:56,0.91650000,15.87851,b,l
2025-03-14 21:05:56,0.91650000,15.88111,b,l
2025-03-14 21:05:56,0.91650000,15.88383,b,l
2025-03-14 21:05:56,0.91650000,15.88655,b,l
2025-03-14 21:05:56,0.91650000,15.88916,b,l
2025-03-14 21:05:56,0.91650000,15.89176,b,l
2025-03-14 21:05:56,0.91650000,15.89437,b,l
2025-03-14 21:05:56,0.91650000,15.89698,b,l
2025-03-14 21:05:56,0.91650000,15.89959,b,l
2025-03-14 21:05:56,0.91650000,15.90220,b,l
2025-03-14 21:05:56,0.91650000,15.90481,b,l
2025-03-14 21:05:56,0.91650000,15.90741,b,l
2025-03-14 21:05:56,0.91650000,15.91013,b,l
2025-03-14 21:05:56,0.91650000,15.91285,b,l
2025-03-14 21:05:56,0.91650000,15.91556,b,l
2025-03-14 21:05:56,0.91650000,15.91817,b,l
2025-03-14 21:05:56,0.91650000,15.92078,b,l
2025-03-14 21:05:56,0.91650000,15.92339,b,l
2025-03-14 21:05:56,0.91650000,15.92600,b,l
2025-03-14 21:05:56,0.91650000,15.92861,b,l
2025-03-14 21:05:56,0.91650000,15.93121,b,l
2025-03-14 21:05:56,0.91650000,15.93382,b,l
2025-03-14 21:05:56,0.91650000,15.93654,b,l
2025-03-14 21:05:56,0.91650000,15.93926,b,l
2025-03-14 21:05:56,0.91650000,15.94197,b,l
2025-03-14 21:05:56,0.91650000,15.94469,b,l
2025-03-14 21:05:56,0.91650000,15.94741,b,l
2025-03-14 21:05:56,0.91650000,15.95001,b,l
2025-03-14 21:06:43,0.91600000,16.40431,b,l
2025-03-14 21:06:43,0.91600000,16.40638,b,l
2025-03-16 21:03:28,0.91900000,16.40638,s,l
2025-03-16 21:03:28,0.91900000,16.41220,s,l
2025-03-16 21:03:28,0.91900000,16.41803,s,l
2025-03-16 21:03:28,0.91900000,16.42386,s,l
2025-03-16 21:03:28,0.91900000,16.42968,s,l
2025-03-16 21:03:28,0.91900000,16.43552,s,l
2025-03-16 21:03:28,0.91900000,16.44136,s,l
