timestamp,price,volume,side,type
2025-03-02 03:11:11,0.99900000,45.67150,s,l
2025-03-02 10:00:32,0.99900000,45.67150,s,l
2025-03-02 19:32:05,1.00100000,52.94325,b,m
2025-03-02 19:54:31,0.99900000,52.94325,s,m
2025-03-02 20:46:20,1.00100000,469.84515,b,l
2025-03-02 21:31:50,0.99900000,5.83280,s,l
2025-03-02 22:24:18,0.99900000,337.66724,s,l
2025-03-03 06:47:54,1.00100000,9.51158,b,l
2025-03-03 06:53:07,1.00100000,9.50979,b,l
2025-03-03 08:40:47,1.00100000,5.00000,b,l
2025-03-03 09:14:09,1.00100000,475.22167,b,l
2025-03-03 09:16:38,0.99900000,1073.13880,s,l
2025-03-03 10:31:13,0.99900000,14.20240,s,l
2025-03-03 13:21:36,1.00100000,364.61628,b,l
2025-03-03 21:13:41,0.99900000,5.00000,s,l
2025-03-03 21:16:42,0.99900000,13.93100,s,l
2025-03-04 13:10:33,0.99900000,39.49289,s,l
2025-03-04 16:53:40,0.99900000,152.95409,s,l
2025-03-04 16:53:40,1.00100000,153.43886,b,l
2025-03-04 18:10:27,0.99900000,71.40243,s,l
2025-03-04 18:10:27,1.00100000,71.62877,b,l
2025-03-04 18:10:27,0.99900000,71.41018,s,l
2025-03-04 18:10:27,1.00100000,71.63656,b,l
2025-03-04 18:10:27,0.99900000,71.41793,s,l
2025-03-04 18:10:27,1.00100000,71.64425,b,l
2025-03-04 18:10:27,0.99900000,71.42568,s,l
2025-03-04 18:10:27,1.00100000,71.65204,b,l
2025-03-04 18:10:27,0.99900000,33.05581,s,l
2025-03-04 18:10:27,1.00100000,33.16053,b,l
2025-03-04 20:24:17,0.99900000,6.09185,s,l
2025-03-04 20:24:17,0.99900000,6.09260,s,l
2025-03-04 20:24:17,0.99900000,6.09335,s,l
2025-03-04 20:24:17,0.99900000,6.09411,s,l
2025-03-04 20:24:17,0.99900000,6.09486,s,l
2025-03-04 20:24:17,0.99900000,6.09561,s,l
2025-03-04 20:24:17,0.99900000,6.09645,s,l
2025-03-04 20:24:17,0.99900000,6.09730,s,l
2025-03-04 20:24:17,0.99900000,6.09815,s,l
2025-03-04 20:24:17,0.99900000,6.09899,s,l
2025-03-04 20:24:17,0.99900000,6.09984,s,l
2025-03-04 20:24:17,0.99900000,6.10068,s,l
2025-03-04 20:24:17,0.99900000,6.10153,s,l
2025-03-04 20:24:17,0.99900000,6.10237,s,l
2025-03-04 20:24:17,0.99900000,6.10322,s,l
2025-03-04 20:24:17,0.99900000,6.10407,s,l
2025-03-04 20:24:17,0.99900000,6.10482,s,l
2025-03-04 20:24:17,0.99900000,6.10557,s,l
2025-03-04 20:24:17,0.99900000,6.10632,s,l
2025-03-04 20:24:17,0.99900000,6.10707,s,l
2025-03-04 20:24:17,0.99900000,6.10782,s,l
2025-03-04 20:24:17,0.99900000,6.10858,s,l
2025-03-04 20:24:17,0.99900000,6.10933,s,l
2025-03-04 21:16:41,0.99900000,2637.09878,s,l
2025-03-04 21:16:41,0.99890000,3627.06781,s,l
2025-03-04 21:16:41,0.99890000,1650.71468,s,l
2025-03-04 23:05:23,0.99890000,12.68876,s,l
2025-03-04 23:08:33,0.99890000,501.33139,s,l
2025-03-04 23:08:33,0.99890000,497.87605,s,l
2025-03-05 07:01:38,0.99890000,598.60729,s,l
2025-03-05 07:01:38,0.99890000,401.00204,s,l
2025-03-05 07:27:36,0.99890000,707.23886,s,l
2025-03-05 07:28:48,0.99890000,288.95699,s,l
2025-03-05 07:29:32,1.00100000,50.71214,b,l
2025-03-05 07:29:32,1.00100000,95.11628,b,l
2025-03-05 07:30:13,0.99890000,6.75253,s,l
2025-03-05 09:28:10,1.00100000,107.20990,b,l
2025-03-05 11:42:34,0.99890000,4734.77630,s,l
2025-03-05 11:42:34,0.99890000,1415.71027,s,l
2025-03-05 12:43:32,0.99890000,50.71214,s,l
2025-03-05 13:39:41,0.99890000,197.96505,s,l
2025-03-05 14:32:25,0.99890000,192.77863,s,l
2025-03-05 14:32:25,0.99890000,192.80248,s,l
2025-03-05 14:32:25,0.99890000,192.82634,s,l
2025-03-05 14:32:25,0.99890000,192.85019,s,l
2025-03-05 14:32:25,0.99890000,176.09911,s,l
2025-03-05 14:40:53,0.99890000,22.41908,s,l
2025-03-05 14:40:53,0.99890000,98.17720,s,l
2025-03-05 14:40:53,0.99890000,75.87683,s,l
2025-03-05 14:40:53,0.99890000,75.67695,s,l
2025-03-05 14:40:53,0.99890000,75.47866,s,l
2025-03-05 14:40:53,0.99890000,75.28208,s,l
2025-03-05 14:40:53,0.99890000,75.08708,s,l
2025-03-05 14:40:53,0.99890000,74.89369,s,l
2025-03-05 14:40:53,0.99890000,74.70169,s,l
2025-03-05 14:40:53,0.99890000,74.51119,s,l
2025-03-05 14:40:53,0.99890000,74.32238,s,l
2025-03-05 14:40:53,0.99890000,74.13507,s,l
2025-03-05 14:40:53,0.99890000,73.94925,s,l
2025-03-05 14:40:53,0.99890000,55.47196,s,l
2025-03-05 16:04:51,0.99890000,437.22348,s,l
2025-03-05 16:04:51,0.99890000,436.01259,s,l
2025-03-05 16:04:51,0.99890000,122.70212,s,l
2025-03-05 16:10:00,0.99890000,289.93124,s,l
2025-03-05 16:10:00,0.99890000,289.96068,s,l
2025-03-05 16:10:01,0.99890000,289.99012,s,l
2025-03-05 16:10:01,0.99890000,130.11796,s,l
2025-03-05 19:52:29,0.99890000,57.36348,s,l
2025-03-05 23:33:30,0.99890000,6.00000,s,l
2025-03-06 00:20:14,0.99890000,3349.89908,s,l
2025-03-06 00:20:14,0.99880000,1321.49057,s,l
2025-03-06 00:53:42,0.99880000,41.41596,s,l
2025-03-06 00:53:42,0.99880000,41.42434,s,l
2025-03-06 00:53:42,0.99880000,41.43262,s,l
2025-03-06 00:53:42,0.99880000,41.44090,s,l
2025-03-06 00:53:42,0.99880000,41.44928,s,l
2025-03-06 00:53:42,0.99880000,41.45756,s,l
2025-03-06 00:53:42,0.99880000,41.46584,s,l
2025-03-06 00:53:42,0.99880000,41.47422,s,l
2025-03-06 00:53:42,0.99880000,41.48259,s,l
2025-03-06 00:53:42,0.99880000,41.49087,s,l
2025-03-06 00:53:42,0.99880000,41.49925,s,l
2025-03-06 00:53:42,0.99880000,41.50763,s,l
2025-03-06 00:53:42,0.99880000,41.51591,s,l
2025-03-06 00:53:42,0.99880000,41.52429,s,l
2025-03-06 00:53:42,0.99880000,41.53267,s,l
2025-03-06 00:53:42,0.99880000,41.54095,s,l
2025-03-06 00:53:42,0.99880000,41.54933,s,l
2025-03-06 00:53:42,0.99880000,41.55771,s,l
2025-03-06 00:53:42,0.99880000,41.56588,s,l
2025-03-06 00:53:42,0.99880000,41.57416,s,l
2025-03-06 00:53:42,0.99880000,41.58244,s,l
2025-03-06 00:53:42,0.99880000,41.59062,s,l
2025-03-06 00:53:42,0.99880000,41.59890,s,l
2025-03-06 00:53:42,0.99880000,39.32607,s,l
2025-03-06 05:14:34,1.00100000,8.99800,b,l
2025-03-06 10:50:23,1.00100000,32.58210,b,l
2025-03-06 12:49:41,0.99880000,5.94700,s,l
2025-03-06 13:36:37,1.00100000,473.03566,b,l
2025-03-06 13:37:32,1.00100000,473.03566,b,l
2025-03-06 13:37:56,1.00100000,472.97002,b,l
2025-03-06 16:38:07,1.00100000,51.31548,b,l
2025-03-06 20:57:49,0.99880000,1.02620,s,l
2025-03-06 23:57:19,1.00100000,60.30260,b,l
2025-03-07 00:03:14,0.99880000,60.30260,s,l
2025-03-07 03:34:41,1.00100000,11.31568,b,l
2025-03-07 10:42:50,1.00100000,252.11288,b,l
2025-03-07 11:59:26,1.00100000,16.77153,b,l
2025-03-07 11:59:51,1.00100000,15.41390,b,l
2025-03-07 12:43:29,0.99880000,5.93242,s,l
2025-03-07 13:15:28,0.99880000,5.94060,s,l
2025-03-07 13:46:41,0.99880000,750.80132,s,l
2025-03-07 13:46:41,0.99880000,750.80132,s,l
2025-03-07 13:46:41,0.99880000,750.80132,s,l
2025-03-07 13:46:41,0.99880000,750.80132,s,l
2025-03-07 13:46:41,0.99880000,750.80132,s,l
2025-03-07 13:46:41,0.99880000,45.64717,s,l
2025-03-07 13:46:41,0.99880000,62.09103,s,l
2025-03-07 13:46:41,0.99880000,643.06312,s,l
2025-03-07 13:46:42,0.99880000,107.73820,s,l
2025-03-07 13:46:45,0.99880000,750.80132,s,l
2025-03-07 13:46:45,0.99880000,750.80132,s,l
2025-03-07 13:46:46,0.99880000,750.80132,s,l
2025-03-07 13:46:46,0.99880000,750.80132,s,l
2025-03-07 13:46:46,0.99880000,750.80132,s,l
2025-03-07 13:46:46,0.99880000,750.80132,s,l
2025-03-07 13:46:46,0.99880000,397.66490,s,l
2025-03-07 13:46:46,0.99880000,353.13642,s,l
2025-03-07 13:46:46,0.99880000,44.52848,s,l
2025-03-07 13:46:46,0.99880000,308.60794,s,l
2025-03-07 13:46:51,0.99880000,44.52848,s,l
2025-03-07 17:22:56,0.99880000,11.04940,s,l
2025-03-08 12:03:56,1.00100000,101.98625,b,l
2025-03-08 16:50:21,0.99880000,101.98625,s,l
2025-03-08 21:58:30,1.00100000,5.00000,b,l
2025-03-09 01:55:32,1.00100000,65.06497,b,l
2025-03-09 02:02:32,0.99880000,65.06497,s,l
2025-03-09 03:43:19,1.00100000,75.80115,b,l
2025-03-09 03:50:21,0.99880000,75.80115,s,l
2025-03-09 06:31:15,1.00100000,32.29760,b,l
2025-03-09 06:35:08,1.00100000,18.89566,b,l
2025-03-09 06:42:08,0.99880000,18.89566,s,l
2025-03-09 14:36:35,1.00100000,92.24705,b,l
2025-03-09 14:42:23,1.00100000,18.26993,b,l
2025-03-09 15:07:07,1.00100000,1173.76595,b,l
2025-03-09 15:07:07,1.00100000,749.78780,b,l
2025-03-09 15:07:07,1.00100000,158.01949,b,l
2025-03-09 15:07:07,1.00100000,1173.77768,b,l
2025-03-09 15:07:07,1.00100000,157.97715,b,l
2025-03-09 15:22:34,0.99880000,760.53614,s,l
2025-03-09 15:22:34,0.99880000,222.13433,s,l
2025-03-09 15:29:25,1.00100000,43.65824,b,l
2025-03-09 15:53:19,1.00100000,250.89460,b,l
2025-03-09 15:53:31,0.99880000,222.07265,s,l
2025-03-09 15:55:11,0.99880000,223.14667,s,l
2025-03-09 15:56:01,0.99880000,222.52578,s,l
2025-03-09 15:57:16,0.99880000,222.64968,s,l
2025-03-09 16:06:51,0.99880000,222.15490,s,l
2025-03-09 16:07:16,0.99880000,21.09594,s,l
2025-03-09 16:37:45,0.99880000,12.75379,s,l
2025-03-09 16:41:40,1.00100000,20.46730,b,l
2025-03-09 17:38:22,1.00100000,18.51810,b,l
2025-03-09 20:24:10,1.00100000,18.64125,b,l
2025-03-09 22:22:52,1.00100000,328.08170,b,l
2025-03-09 22:24:36,0.99880000,59.40590,s,l
2025-03-09 22:25:38,0.99880000,29.70300,s,l
2025-03-09 22:26:26,0.99880000,49.50500,s,l
2025-03-09 22:27:39,0.99880000,39.60400,s,l
2025-03-09 22:28:51,0.99880000,146.61550,s,l
2025-03-09 22:58:00,0.99880000,5.75590,s,l
2025-03-10 10:56:39,0.99880000,89.79610,s,l
2025-03-10 13:19:01,1.00100000,102.12210,b,l
2025-03-10 13:24:00,0.99880000,102.12210,s,l
2025-03-10 14:53:02,1.00100000,250.68051,b,l
2025-03-10 14:53:03,1.00100000,50.51844,b,l
2025-03-10 14:53:03,1.00100000,70.07970,b,l
2025-03-10 15:17:06,1.00100000,15.30940,b,l
2025-03-10 15:17:33,1.00100000,13.34124,b,l
2025-03-10 16:43:27,1.00100000,71.93186,b,l
2025-03-10 16:51:16,0.99880000,19.94000,s,l
2025-03-10 16:56:28,1.00100000,9.49050,b,l
2025-03-10 17:26:48,1.00100000,46.37902,b,l
2025-03-10 17:28:49,1.00100000,18.51810,b,l
2025-03-11 06:06:10,1.00100000,251.02806,b,l
2025-03-11 07:51:13,1.00100000,47.12587,b,l
2025-03-11 08:26:30,1.00100000,1.01380,b,l
2025-03-11 13:37:23,1.00100000,21.87592,b,l
2025-03-11 18:12:47,1.00100000,87.81768,b,l
2025-03-11 18:17:57,1.00100000,374.99090,b,l
2025-03-11 18:22:11,0.99880000,39.60400,s,l
2025-03-11 18:57:37,1.00100000,146.82927,b,l
2025-03-11 18:58:41,0.99880000,145.72490,s,l
2025-03-11 19:36:05,1.00100000,5.02837,b,l
2025-03-11 20:21:52,0.99880000,5.00000,s,l
2025-03-11 22:16:16,0.99880000,85.30170,s,l
2025-03-12 02:51:57,1.00100000,7.75801,b,l
2025-03-12 03:00:42,1.00100000,10.43496,b,l
2025-03-12 07:23:01,0.99880000,7.75801,s,l
2025-03-12 15:14:35,1.00100000,252.20079,b,l
2025-03-12 16:16:05,1.00100000,562.60810,b,l
2025-03-12 20:50:52,1.00100000,46.65580,b,l
2025-03-12 23:22:52,1.00100000,14.09320,b,l
2025-03-13 12:08:45,1.00100000,159.18408,b,l
2025-03-13 12:08:45,1.00100000,6.96351,b,l
2025-03-13 12:09:24,0.99880000,159.18599,s,l
2025-03-13 12:09:24,1.00100000,159.23380,b,l
2025-03-13 12:09:24,0.99880000,88.09507,s,l
2025-03-13 12:09:24,1.00100000,88.12152,b,l
2025-03-13 17:38:17,0.99880000,595.27514,s,l
2025-03-13 17:38:17,0.99880000,295.81395,s,l
2025-03-13 18:37:33,0.99880000,9.51230,s,l
2025-03-13 20:49:28,0.99880000,35.06743,s,l
2025-03-14 10:41:10,1.00100000,383.73999,b,l
2025-03-14 10:41:10,1.00100000,76.50819,b,l
2025-03-14 10:59:10,0.99880000,334.72406,s,l
2025-03-14 12:45:42,0.99880000,14.29789,b,l
2025-03-14 17:26:22,0.99870000,99.00990,s,l
2025-03-15 15:50:22,0.99880000,34.71805,b,l
2025-03-15 15:50:22,1.00100000,72.56815,b,l
2025-03-15 15:52:56,0.99870000,107.28620,s,l
2025-03-17 08:13:15,1.00100000,49.95005,b,m
2025-03-17 09:55:44,1.00100000,47.73103,b,l
2025-03-17 10:00:44,0.99900000,47.73103,s,l
2025-03-17 10:27:41,1.00100000,107.20990,b,l
2025-03-17 12:05:46,0.99900000,31.37632,s,l
2025-03-17 13:30:34,0.99900000,107.20990,s,l
2025-03-17 20:13:42,1.00100000,8.54655,b,l
2025-03-18 00:50:21,1.00100000,30.99860,b,l
2025-03-18 01:41:33,1.00100000,3808.06194,b,m
2025-03-18 10:14:29,1.00100000,7.82387,b,l
2025-03-18 10:17:28,1.00100000,6.68791,b,l
2025-03-18 10:35:35,1.00100000,5.02307,b,l
2025-03-18 10:38:54,1.00100000,5.02387,b,l
2025-03-18 11:27:25,1.00100000,175.12740,b,l
2025-03-18 11:27:26,1.00100000,33.78185,b,l
2025-03-18 11:27:26,1.00100000,10.00000,b,l
2025-03-18 11:33:15,1.00100000,29.09093,b,l
2025-03-18 11:33:15,1.00100000,10.00000,b,l
2025-03-18 12:11:02,0.99870000,218.90925,s,m
2025-03-18 12:27:37,1.00100000,10.00528,b,l
2025-03-18 14:24:44,0.99870000,39.09093,s,m
2025-03-18 14:28:49,1.00100000,5.29170,b,l
2025-03-18 18:07:46,1.00100000,7.07252,b,l
2025-03-18 19:12:54,1.00100000,9.04635,b,l
2025-03-18 20:16:54,0.99870000,10.00528,s,m
2025-03-18 20:17:49,1.00100000,10.02206,b,l
2025-03-19 06:36:42,0.99870000,24.45508,s,l
2025-03-19 09:59:17,1.00100000,6.59661,b,l
2025-03-19 09:59:17,1.00100000,6.59661,b,l
2025-03-19 10:04:18,1.00100000,5.98831,b,l
2025-03-19 10:09:17,1.00100000,5.45142,b,l
2025-03-19 10:09:17,1.00100000,5.45141,b,l
2025-03-19 10:09:18,1.00100000,5.47252,b,l
2025-03-19 10:14:17,1.00100000,5.00000,b,l
2025-03-19 10:14:17,1.00100000,5.00000,b,l
2025-03-19 10:14:18,1.00100000,5.02897,b,l
2025-03-19 10:19:17,1.00100000,5.03236,b,l
2025-03-19 10:24:17,1.00100000,5.02587,b,l
2025-03-19 10:29:16,1.00100000,5.03396,b,l
2025-03-19 10:34:17,1.00100000,5.02917,b,l
2025-03-19 10:39:18,1.00100000,5.02857,b,l
2025-03-19 10:44:17,1.00100000,5.02157,b,l
2025-03-19 10:49:17,1.00100000,5.01198,b,l
2025-03-19 10:54:18,1.00100000,5.00000,b,l
2025-03-19 10:54:18,1.00100000,5.00000,b,l
2025-03-19 14:13:13,1.00100000,22.80582,b,l
2025-03-19 14:13:13,1.00100000,22.80605,b,l
2025-03-19 14:13:13,1.00100000,22.81382,b,l
2025-03-19 14:13:14,1.00100000,22.91032,b,l
2025-03-19 17:51:10,0.99870000,63.02167,s,l
2025-03-19 20:10:28,0.99870000,22.80605,s,l
2025-03-20 03:20:16,0.99870000,205.69621,s,l
2025-03-20 03:20:16,0.99870000,299.25429,s,l
2025-03-20 03:22:31,0.99870000,247.52480,s,l
2025-03-20 03:24:08,0.99870000,247.52480,s,l
2025-03-20 04:34:27,0.99870000,11.48524,s,l
2025-03-20 11:30:08,1.00100000,5000.00000,b,m
2025-03-20 15:17:43,1.00100000,9.20109,b,l
2025-03-20 16:32:34,1.00100000,18.25414,b,l
2025-03-20 18:43:45,1.00100000,673.33782,b,l
2025-03-20 18:43:45,1.00100000,673.33782,b,l
2025-03-20 18:43:45,1.00100000,204.00915,b,l
2025-03-20 18:43:45,1.00100000,673.33782,b,l
2025-03-20 18:43:45,1.00100000,204.07570,b,l
2025-03-20 18:43:45,1.00100000,673.33782,b,l
2025-03-20 18:43:45,1.00100000,204.14227,b,l
2025-03-20 18:43:45,1.00100000,625.33580,b,l
2025-03-20 18:43:45,1.00100000,48.00202,b,l
2025-03-20 18:43:45,1.00100000,204.20887,b,l
2025-03-20 18:43:45,1.00100000,373.19177,b,l
2025-03-20 18:43:45,1.00100000,204.27548,b,l
2025-03-20 19:21:41,0.99870000,9.09544,s,m
2025-03-21 11:11:18,1.00100000,100.04289,b,l
2025-03-21 11:16:19,0.99870000,100.04289,s,l
2025-03-21 11:37:40,1.00100000,97.54204,b,l
2025-03-21 11:42:41,0.99870000,97.54204,s,l
2025-03-21 18:25:15,1.00100000,9.98261,b,l
2025-03-21 18:27:36,0.99870000,6.89470,s,l
2025-03-22 08:56:39,1.00100000,73.56623,b,l
2025-03-22 10:41:28,1.00100000,1.00380,b,l
2025-03-22 17:38:34,1.00100000,49.03076,b,l
2025-03-22 17:39:15,1.00100000,7.00509,b,l
2025-03-22 18:48:56,1.00100000,18.47322,b,l
2025-03-23 16:52:11,0.99870000,54.60230,s,l
2025-03-23 20:32:24,1.00100000,6.50289,b,l
2025-03-24 08:27:56,1.00100000,10.60199,b,l
2025-03-24 09:43:02,0.99870000,10.36420,s,l
2025-03-24 10:02:18,1.00100000,41.49000,b,l
2025-03-24 13:39:53,0.99870000,39.54240,s,l
2025-03-24 14:51:25,1.00100000,6.47472,b,l
2025-03-24 15:20:41,0.99870000,254.03097,s,l
2025-03-24 15:21:11,1.00100000,16.48481,b,l
2025-03-24 16:31:33,0.99870000,5.00250,s,l
2025-03-24 18:16:36,1.00100000,18.33106,b,l
2025-03-24 23:05:04,1.00100000,2514.18450,b,l
2025-03-24 23:05:04,1.00100000,502.83690,b,l
2025-03-24 23:05:04,1.00100000,100.56738,b,l
2025-03-24 23:05:04,1.00100000,15.14185,b,l
2025-03-24 23:05:05,1.00100000,10.00000,b,l
2025-03-24 23:48:25,1.00100000,746.56172,b,l
2025-03-24 23:48:25,1.00100000,746.56172,b,l
2025-03-24 23:48:25,1.00100000,746.56172,b,l
2025-03-24 23:48:25,1.00100000,746.56172,b,l
2025-03-24 23:48:25,1.00100000,285.11095,b,l
2025-03-24 23:48:25,1.00100000,461.45077,b,l
2025-03-24 23:48:27,1.00100000,285.11095,b,l
2025-03-25 06:41:14,0.99870000,3142.73062,s,m
2025-03-25 08:25:39,1.00100000,1327.73084,b,m
2025-03-25 08:25:39,1.00110000,8665.26916,b,m
2025-03-25 09:08:34,0.99870000,8.12898,s,l
2025-03-25 20:50:36,1.00110000,4617.66057,b,l
2025-03-26 13:38:35,1.00110000,250.73808,b,l
2025-03-26 13:39:10,0.99880000,210.35929,s,l
2025-03-26 13:39:10,0.99870000,879.23611,s,l
2025-03-26 17:27:44,1.00110000,18.04335,b,l
2025-03-26 17:30:49,1.00110000,155.40815,b,l
2025-03-26 17:30:49,1.00110000,592.93676,b,l
2025-03-26 17:30:49,1.00110000,62.01455,b,l
2025-03-26 17:30:49,1.00110000,93.39360,b,l
2025-03-26 17:30:50,1.00110000,62.01455,b,l
2025-03-26 21:28:50,1.00110000,482.52123,b,l
2025-03-26 21:28:50,1.00110000,265.82368,b,l
2025-03-26 21:28:50,1.00110000,243.65509,b,l
2025-03-27 10:12:02,1.00110000,107.19920,b,l
2025-03-27 11:32:34,1.00110000,250.05753,b,l
2025-03-27 12:19:33,1.00000000,4339.02707,s,l
2025-03-27 12:19:33,1.00000000,155.37272,s,l
2025-03-28 22:02:30,1.00000000,64.79500,s,l
2025-03-29 03:43:00,1.00000000,21.88510,s,l
2025-03-29 10:32:09,1.00110000,250.18959,b,l
2025-03-29 10:34:18,1.00110000,198.13335,b,l
2025-03-29 11:35:04,1.00000000,13.02864,s,l
2025-03-29 12:29:37,1.00110000,250.49175,b,l
2025-03-29 12:29:50,1.00000000,548.64500,s,l
2025-03-29 12:40:40,1.00000000,391.56590,s,l
2025-03-29 12:40:40,1.00000000,262.18462,s,l
2025-03-29 13:33:02,1.00000000,8.59140,s,l
2025-03-30 00:30:22,1.00000000,748.86137,s,l
2025-03-30 00:30:22,1.00000000,446.04318,s,l
2025-03-30 00:30:22,1.00000000,8812.29023,s,l
2025-03-30 00:30:22,1.00000000,748.86137,s,l
2025-03-30 00:30:22,1.00000000,438.83840,s,l
2025-03-30 00:30:22,0.99870000,1754.61241,s,l
2025-03-30 00:30:22,0.99860000,1000.00000,s,l
2025-03-30 00:30:22,0.99860000,1000.00000,s,l
2025-03-30 00:30:22,0.99850000,3000.00000,s,l
2025-03-30 00:30:22,0.99850000,2000.00000,s,l
2025-03-30 00:30:30,0.99800000,3207.34320,s,l
2025-03-30 01:45:33,1.00110000,45.74388,b,l
2025-03-30 10:04:51,1.00110000,40.66366,b,l
2025-03-30 10:05:02,0.99810000,40.41270,s,l
2025-03-30 11:03:45,1.00110000,5.03040,b,l
2025-03-30 18:05:09,1.00110000,218.43302,b,l
2025-03-30 18:17:51,0.99800000,5.09491,s,m
2025-03-31 12:16:40,1.00110000,92.45120,b,l
2025-03-31 12:17:05,0.99810000,91.04830,s,l
2025-03-31 12:27:44,1.00110000,286.26810,b,l
2025-03-31 12:28:16,0.99810000,348.64191,s,l
2025-03-31 12:28:16,0.99810000,745.12987,s,l
2025-03-31 12:28:16,0.99800000,1041.54986,s,l
2025-03-31 12:28:16,0.99750000,3290.81704,s,l
2025-03-31 12:28:16,0.99700000,28.59832,s,l
2025-03-31 12:55:16,1.00100000,284.37423,b,m
2025-03-31 12:55:16,1.00110000,17745.85955,b,m
2025-03-31 12:55:16,1.00120000,12990.81107,b,m
2025-03-31 12:55:16,1.00130000,11366.95969,b,m
2025-03-31 12:55:16,1.00140000,11951.54619,b,m
2025-03-31 12:55:16,1.00140000,12350.03932,b,m
2025-03-31 12:55:16,1.00150000,13802.73676,b,m
2025-03-31 12:55:16,1.00180000,8993.07408,b,m
2025-03-31 12:55:16,1.00190000,10002.29684,b,m
2025-03-31 12:55:16,1.00200000,7274.39770,b,m
2025-03-31 12:55:16,1.00210000,8902.04419,b,m
2025-03-31 12:55:16,1.00250000,7770.14791,b,m
2025-03-31 12:55:16,1.00500000,1000.00000,b,m
2025-03-31 12:55:16,1.00600000,1000.00000,b,m
2025-03-31 12:55:16,1.00700000,1000.00000,b,m
2025-03-31 12:55:16,1.00750000,9997.10869,b,m
2025-03-31 13:39:01,0.99710000,64.08058,s,l
2025-03-31 18:05:54,4.68160000,11.50357,b,l
2025-03-31 18:49:07,1.00000000,5.00000,s,l
2025-03-31 19:38:23,1.00170000,284.37423,b,l
2025-03-31 19:38:23,1.00170000,897.94031,s,l
2025-03-31 19:38:23,1.00170000,8.94557,s,l
2025-03-31 19:38:23,1.00170000,338.12353,s,l
2025-03-31 19:38:23,0.99740000,348.88660,s,l
2025-03-31 19:38:23,0.99730000,47.92171,s,l
2025-03-31 19:38:23,0.99700000,848.20108,s,l
2025-03-31 19:43:48,1.00160000,21.82074,b,m
2025-03-31 20:33:47,0.99710000,21.82074,s,m
2025-04-01 05:32:19,1.00140000,284.37423,b,m
2025-04-01 05:32:19,1.00150000,47.92171,b,m
2025-04-01 05:32:19,1.00170000,338.12353,b,m
2025-04-01 05:32:19,1.00190000,64.08058,b,m
2025-04-01 05:32:19,1.00200000,10000.00000,b,m
2025-04-01 05:32:19,1.00300000,2519.64516,b,m
2025-04-01 10:27:52,1.00290000,100.98714,b,m
2025-04-01 13:51:55,1.00300000,3244.12761,b,l
2025-04-01 13:53:34,1.00300000,1021.64506,b,l
2025-04-01 14:16:11,1.00290000,291.71890,b,l
2025-04-01 14:16:11,1.00290000,287.15831,s,l
2025-04-01 14:16:11,1.00290000,0.29319,s,l
2025-04-01 14:19:24,0.99760000,289.57061,s,l
2025-04-01 18:36:47,1.00100000,363.85233,s,l
2025-04-01 19:02:48,1.00120000,500.00000,s,l
2025-04-01 19:03:43,1.00100000,722.55944,b,l
2025-04-01 19:03:43,1.00100000,277.44056,b,l
2025-04-01 19:04:03,1.00100000,208.45930,b,l
2025-04-01 19:04:17,1.00100000,722.51861,b,l
2025-04-01 19:04:22,1.00100000,69.02209,b,l
2025-04-01 19:04:32,1.00100000,69.02209,s,l
2025-04-01 19:04:32,1.00100000,722.51861,b,l
2025-04-01 19:04:34,1.00100000,69.02209,b,l
2025-04-01 19:04:39,1.00100000,791.54070,b,l
2025-04-01 19:04:58,1.00100000,791.54070,b,l
2025-04-01 19:05:08,1.00100000,791.54070,b,l
2025-04-01 19:05:12,1.00100000,791.54070,b,l
2025-04-01 19:05:15,1.00100000,791.54070,b,l
2025-04-01 19:05:18,1.00100000,791.54070,b,l
2025-04-01 19:05:20,1.00100000,490.75523,b,l
2025-04-01 19:05:22,1.00100000,625.31715,b,l
2025-04-01 19:05:23,1.00100000,5.00000,b,l
2025-04-01 19:05:24,1.00100000,5.00000,b,l
2025-04-01 19:05:26,1.00100000,5.00000,b,l
2025-04-01 19:05:30,1.00100000,593.65552,b,l
2025-04-01 19:05:31,1.00100000,5.00000,b,l
2025-04-01 19:05:33,1.00100000,522.41686,b,l
2025-04-01 19:05:36,1.00100000,546.16308,b,l
2025-04-01 19:05:47,1.00100000,875.72870,b,l
2025-04-01 19:05:47,1.00100000,875.72870,b,l
2025-04-01 19:05:49,1.00100000,838.94741,b,l
2025-04-01 19:05:53,1.00100000,875.72870,b,l
2025-04-01 19:05:53,1.00100000,875.72870,b,l
2025-04-01 19:05:55,1.00100000,875.72870,b,l
2025-04-01 19:05:55,1.00100000,238.14536,b,l
2025-04-01 19:05:57,1.00100000,875.72870,b,l
2025-04-01 19:05:57,1.00100000,36.78129,b,l
2025-04-01 19:05:57,1.00100000,838.94741,b,l
2025-04-01 19:05:57,1.00100000,36.78129,b,l
2025-04-01 19:06:01,1.00100000,802.16612,b,l
2025-04-01 19:06:01,1.00100000,73.56258,b,l
2025-04-01 19:06:01,1.00100000,749.53547,b,l
2025-04-01 19:06:01,1.00100000,875.72870,b,l
2025-04-01 19:06:06,1.00100000,875.72870,b,l
2025-04-01 19:06:06,1.00100000,36.78129,b,l
2025-04-01 19:06:06,1.00100000,838.94741,b,l
2025-04-01 19:06:11,1.00100000,36.78129,b,l
2025-04-01 19:06:11,1.00100000,838.94741,b,l
2025-04-01 19:06:12,1.00100000,772.84813,b,l
2025-04-01 19:06:17,1.00100000,440.36881,b,l
2025-04-01 19:06:30,1.00100000,875.72870,b,l
2025-04-01 19:06:30,1.00100000,838.94741,b,l
2025-04-01 19:06:31,1.00100000,500.29749,b,l
2025-04-01 19:10:19,1.00110000,154.25718,s,l
2025-04-01 19:10:36,1.00110000,875.72870,s,l
2025-04-01 19:10:36,1.00110000,870.01412,s,l
2025-04-01 19:10:52,1.00110000,875.72870,s,l
2025-04-01 19:10:52,1.00110000,870.01412,s,l
2025-04-01 19:10:55,1.00110000,875.72870,s,l
2025-04-01 19:10:55,1.00110000,870.01412,s,l
2025-04-01 19:10:59,1.00110000,875.72870,s,l
2025-04-01 19:10:59,1.00110000,870.01412,s,l
2025-04-01 19:11:12,1.00110000,875.72870,s,l
2025-04-01 19:11:12,1.00110000,468.49327,s,l
2025-04-01 19:11:23,1.00110000,875.72870,s,l
2025-04-01 19:11:23,1.00110000,870.01412,s,l
2025-04-01 19:12:07,1.00110000,361.20650,s,l
2025-04-01 19:12:07,1.00110000,875.72870,s,l
2025-04-01 19:12:07,1.00110000,508.80762,s,l
2025-04-01 19:12:15,1.00110000,875.72870,s,l
2025-04-01 19:12:15,1.00110000,870.01412,s,l
2025-04-01 19:32:28,0.99720000,289.54166,s,l
2025-04-01 21:10:38,0.99720000,9.16220,s,l
2025-04-02 08:13:34,0.99780000,362.39597,s,m
2025-04-02 08:13:34,0.99770000,100.00000,s,m
2025-04-02 08:13:34,0.99710000,1066.98767,s,m
2025-04-02 10:28:22,1.00010000,100.00000,b,l
2025-04-02 14:48:11,0.99770000,142.88938,s,l
2025-04-02 14:48:20,0.99770000,7.45641,s,l
2025-04-02 14:51:15,0.99710000,875.72870,s,l
2025-04-02 14:51:15,0.99710000,875.72870,s,l
2025-04-02 14:51:15,0.99710000,365.35749,s,l
2025-04-02 14:51:15,0.99710000,510.37121,s,l
2025-04-02 14:51:15,0.99710000,365.35749,s,l
2025-04-02 15:08:45,0.99710000,875.72870,s,l
2025-04-02 15:08:45,0.99710000,766.09682,s,l
2025-04-02 15:13:49,1.00000000,875.72870,s,l
2025-04-02 15:13:49,1.00000000,129.40781,s,l
2025-04-02 15:13:49,1.00000000,337.57861,s,l
2025-04-02 15:13:49,1.00000000,337.57861,s,l
2025-04-02 15:13:49,1.00000000,130.35622,s,l
2025-04-02 15:13:50,1.00000000,129.11502,s,l
2025-04-02 15:13:50,1.00000000,128.69926,s,l
2025-04-02 15:13:51,1.00000000,128.28571,s,l
2025-04-02 15:13:51,1.00000000,16.74516,s,l
2025-04-02 15:13:51,1.00000000,128.28571,s,l
2025-04-02 15:13:51,1.00000000,127.36276,s,l
2025-04-02 15:13:52,1.00000000,126.95695,s,l
2025-04-02 15:13:52,1.00000000,126.54764,s,l
2025-04-02 15:13:53,1.00000000,126.14654,s,l
2025-04-02 15:13:53,1.00000000,125.74737,s,l
2025-04-02 15:13:53,1.00000000,64.08064,s,l
2025-04-02 15:13:54,1.00000000,125.35069,s,l
2025-04-02 15:13:54,1.00000000,124.95658,s,l
2025-04-02 15:13:54,1.00000000,124.56433,s,l
2025-04-02 15:13:55,1.00000000,538.15009,s,l
2025-04-02 15:13:55,1.00000000,538.15009,s,l
2025-04-02 15:13:55,1.00000000,124.14211,s,l
2025-04-02 15:13:55,1.00000000,538.15009,s,l
2025-04-02 15:13:55,1.00000000,448.42264,s,l
2025-04-02 15:13:55,1.00000000,89.72745,s,l
2025-04-02 15:13:55,1.00000000,34.41466,s,l
2025-04-02 15:47:12,1.00000000,11.67760,s,l
2025-04-02 16:40:53,1.00110000,46.04974,b,l
2025-04-02 16:42:17,1.00000000,45.29150,s,l
2025-04-02 18:16:36,1.00110000,43.35830,b,l
2025-04-02 18:20:48,1.00000000,42.66000,s,l
2025-04-03 05:23:10,1.00000000,433.58628,s,l
2025-04-03 05:23:10,1.00000000,433.67755,s,l
2025-04-03 05:23:10,1.00000000,433.76881,s,l
2025-04-03 05:23:10,1.00000000,433.86007,s,l
2025-04-03 05:23:10,1.00000000,433.95143,s,l
2025-04-03 05:23:10,1.00000000,261.92765,s,l
2025-04-03 05:44:53,1.00000000,269.32549,s,l
2025-04-03 05:44:53,1.00110000,60.93775,b,l
2025-04-03 05:44:53,1.00300000,210.41664,b,l
2025-04-03 05:44:53,1.00000000,12.99161,s,l
2025-04-03 05:47:39,1.00300000,23.24899,b,l
2025-04-03 08:36:31,1.00000000,13.84636,s,l
2025-04-03 10:12:35,1.00000000,16.20636,s,l
2025-04-03 10:12:35,1.00000000,16.21133,s,l
2025-04-03 10:12:36,1.00000000,370.37925,s,l
2025-04-03 10:12:36,1.00000000,330.76272,s,l
2025-04-03 10:12:36,1.00000000,330.76272,s,l
2025-04-03 11:11:38,1.00290000,8.92979,b,l
2025-04-03 11:17:56,1.00290000,38.44608,b,l
2025-04-03 14:02:13,1.00000000,100.97704,s,m
2025-04-03 15:27:30,1.00100000,18.51810,b,l
2025-04-03 16:33:20,1.00100000,17.06519,b,l
2025-04-03 18:27:51,1.00100000,26.00639,b,l
2025-04-03 18:28:12,0.99960000,25.77440,s,l
2025-04-03 19:16:43,1.00100000,36.07369,b,l
2025-04-03 19:17:11,0.99960000,21.75790,s,l
2025-04-03 19:17:11,0.99950000,13.99400,s,l
2025-04-03 19:23:09,1.00100000,30.69059,b,l
2025-04-03 19:23:30,0.99950000,30.41680,s,l
2025-04-03 19:54:49,1.00100000,44.30129,b,l
2025-04-03 19:55:10,0.99950000,43.90610,s,l
2025-04-03 20:42:37,0.99950000,44.41100,s,l
2025-04-03 21:44:21,1.00100000,44.30128,b,l
2025-04-03 21:44:56,0.99950000,52.16970,s,l
2025-04-03 22:08:51,1.00100000,44.30127,b,l
2025-04-03 22:09:09,0.99950000,86.89600,s,l
2025-04-03 23:04:42,1.00100000,9.99999,b,l
2025-04-03 23:17:29,1.00100000,34.30127,b,l
2025-04-04 00:02:06,0.99950000,1693.44519,s,l
2025-04-04 01:23:28,0.99950000,6050.01770,s,l
2025-04-04 01:23:34,0.99950000,6553.88956,s,l
2025-04-04 01:23:44,0.99950000,20.71884,s,l
2025-04-04 01:28:49,0.99950000,11.31057,s,l
2025-04-04 01:45:21,1.00100000,8.82919,b,l
2025-04-04 01:48:56,0.99950000,4517.50431,s,l
2025-04-04 01:49:03,0.99950000,13.02422,s,l
2025-04-04 01:49:04,0.99950000,41.19859,s,l
2025-04-04 01:49:04,0.99950000,78.50449,s,l
2025-04-04 01:49:04,0.99950000,78.53387,s,l
2025-04-04 01:49:04,0.99950000,78.55820,s,l
2025-04-04 01:49:04,0.99950000,78.58244,s,l
2025-04-04 01:49:04,0.99950000,78.60668,s,l
2025-04-04 01:49:04,0.99950000,78.63101,s,l
2025-04-04 01:49:04,0.99950000,78.65534,s,l
2025-04-04 01:49:04,0.99950000,78.67958,s,l
2025-04-04 01:49:04,0.99950000,78.70391,s,l
2025-04-04 01:49:04,0.99950000,78.72833,s,l
2025-04-04 01:49:04,0.99950000,78.75275,s,l
2025-04-04 01:49:04,0.99950000,78.77717,s,l
2025-04-04 01:49:04,0.99950000,78.79943,s,l
2025-04-04 01:49:04,0.99950000,78.82169,s,l
2025-04-04 01:49:04,0.99950000,78.84403,s,l
2025-04-04 01:49:04,0.99950000,78.86638,s,l
2025-04-04 01:49:04,0.99950000,78.88873,s,l
2025-04-04 01:49:04,0.99950000,78.91108,s,l
2025-04-04 01:49:04,0.99950000,78.93342,s,l
2025-04-04 01:49:04,0.99950000,78.95586,s,l
2025-04-04 01:49:04,0.99950000,78.97830,s,l
2025-04-04 01:49:04,0.99950000,79.00074,s,l
2025-04-04 01:49:04,0.99950000,79.02525,s,l
2025-04-04 01:49:04,0.99950000,79.04976,s,l
2025-04-04 01:49:04,0.99950000,79.07427,s,l
2025-04-04 01:49:04,0.99950000,79.09878,s,l
2025-04-04 01:49:04,0.99950000,79.12329,s,l
2025-04-04 01:49:04,0.99950000,79.14780,s,l
2025-04-04 01:49:04,0.99950000,79.17240,s,l
2025-04-04 01:49:04,0.99950000,79.19700,s,l
2025-04-04 01:49:04,0.99950000,79.22151,s,l
2025-04-04 01:49:04,0.99950000,79.24602,s,l
2025-04-04 01:49:04,0.99950000,79.27053,s,l
2025-04-04 01:49:04,0.99950000,79.29513,s,l
2025-04-04 01:49:04,0.99950000,79.31973,s,l
2025-04-04 01:49:04,0.99950000,79.34433,s,l
2025-04-04 01:49:04,0.99950000,79.36893,s,l
2025-04-04 01:49:04,0.99950000,79.39344,s,l
2025-04-04 01:49:04,0.99950000,79.41795,s,l
2025-04-04 01:49:04,0.99950000,79.44264,s,l
2025-04-04 01:49:04,0.99950000,79.46733,s,l
2025-04-04 01:49:04,0.99950000,79.49202,s,l
2025-04-04 01:49:04,0.99950000,79.51671,s,l
2025-04-04 01:49:04,0.99950000,79.54140,s,l
2025-04-04 01:49:04,0.99950000,79.56609,s,l
2025-04-04 01:49:04,0.99950000,79.59078,s,l
2025-04-04 01:49:04,0.99950000,79.61548,s,l
2025-04-04 01:49:04,0.99950000,79.64008,s,l
2025-04-04 01:49:04,0.99950000,79.66468,s,l
2025-04-04 01:49:04,0.99950000,79.68919,s,l
2025-04-04 01:49:04,0.99950000,79.71370,s,l
2025-04-04 01:49:04,0.99950000,79.73830,s,l
2025-04-04 01:49:04,0.99950000,79.76299,s,l
2025-04-04 01:49:04,0.99950000,79.78768,s,l
2025-04-04 01:49:04,0.99950000,79.81237,s,l
2025-04-04 01:49:04,0.99950000,79.83706,s,l
2025-04-04 01:49:04,0.99950000,50.31774,s,l
2025-04-04 01:49:09,0.99950000,79.88952,s,l
2025-04-04 01:49:09,0.99950000,79.90565,s,l
2025-04-04 01:49:09,0.99950000,79.92611,s,l
2025-04-04 01:49:09,0.99950000,79.94729,s,l
2025-04-04 01:49:09,0.99950000,79.96847,s,l
2025-04-04 01:49:09,0.99950000,33.18928,s,l
2025-04-04 01:49:09,0.99920000,210.84479,s,l
2025-04-04 01:49:14,0.99920000,80.00962,s,l
2025-04-04 01:49:14,0.99920000,80.01395,s,l
2025-04-04 01:49:14,0.99920000,80.01494,s,l
2025-04-04 01:49:14,0.99920000,80.01602,s,l
2025-04-04 01:49:14,0.99920000,80.01710,s,l
2025-04-04 01:49:14,0.99920000,80.01818,s,l
2025-04-04 01:49:14,0.99920000,80.01927,s,l
2025-04-04 01:49:14,0.99920000,80.02035,s,l
2025-04-04 01:49:14,0.99920000,80.02134,s,l
2025-04-04 01:49:14,0.99920000,80.02233,s,l
2025-04-04 01:49:14,0.99920000,80.02332,s,l
2025-04-04 01:49:14,0.99920000,80.02431,s,l
2025-04-04 01:49:14,0.99920000,80.02531,s,l
2025-04-04 01:49:14,0.99920000,80.02630,s,l
2025-04-04 01:49:14,0.99920000,80.02729,s,l
2025-04-04 01:49:14,0.99920000,80.02837,s,l
2025-04-04 01:49:14,0.99920000,80.02936,s,l
2025-04-04 01:49:14,0.99920000,80.03035,s,l
2025-04-04 01:49:14,0.99920000,80.03134,s,l
2025-04-04 01:49:14,0.99920000,80.03234,s,l
2025-04-04 01:49:14,0.99920000,80.03333,s,l
2025-04-04 01:49:14,0.99920000,80.03432,s,l
2025-04-04 01:49:14,0.99920000,80.03531,s,l
2025-04-04 01:49:15,0.99920000,80.03630,s,l
2025-04-04 01:49:15,0.99920000,80.03729,s,l
2025-04-04 01:49:15,0.99920000,80.03828,s,l
2025-04-04 01:49:15,0.99920000,80.03919,s,l
2025-04-04 01:49:15,0.99920000,80.04018,s,l
2025-04-04 01:49:15,0.99920000,80.04117,s,l
2025-04-04 01:49:15,0.99920000,80.04216,s,l
2025-04-04 01:49:15,0.99920000,80.04315,s,l
2025-04-04 01:49:15,0.99920000,80.04414,s,l
2025-04-04 01:49:15,0.99920000,80.04513,s,l
2025-04-04 01:49:15,0.99920000,80.04613,s,l
2025-04-04 01:49:15,0.99920000,80.04712,s,l
2025-04-04 01:49:15,0.99920000,80.04811,s,l
2025-04-04 01:49:15,0.99920000,80.04910,s,l
2025-04-04 01:49:15,0.99920000,80.05009,s,l
2025-04-04 01:49:15,0.99920000,80.05108,s,l
2025-04-04 01:49:15,0.99920000,80.05208,s,l
2025-04-04 01:49:15,0.99920000,80.05307,s,l
2025-04-04 01:49:15,0.99920000,80.05406,s,l
2025-04-04 01:49:15,0.99920000,80.05505,s,l
2025-04-04 01:49:15,0.99920000,80.05604,s,l
2025-04-04 01:49:15,0.99920000,80.05703,s,l
2025-04-04 01:49:15,0.99920000,80.05802,s,l
2025-04-04 01:49:15,0.99920000,80.05902,s,l
2025-04-04 01:49:15,0.99920000,80.06001,s,l
2025-04-04 01:49:15,0.99920000,80.06100,s,l
2025-04-04 01:49:15,0.99920000,80.06199,s,l
2025-04-04 01:49:15,0.99920000,41.21103,s,l
2025-04-04 02:13:23,0.99920000,45.37242,s,l
2025-04-04 02:13:23,0.99920000,45.32350,s,l
2025-04-04 02:13:23,0.99920000,45.33184,s,l
2025-04-04 02:13:23,0.99920000,45.34012,s,l
2025-04-04 02:13:23,0.99920000,45.34840,s,l
2025-04-04 02:13:23,0.99920000,29.77145,s,l
2025-04-04 02:13:39,0.99920000,1806.21984,s,l
2025-04-04 02:13:46,0.99920000,4515.79716,s,l
2025-04-04 02:13:51,0.99920000,4515.79716,s,l
2025-04-04 02:14:00,0.99920000,4515.75824,s,l
2025-04-04 02:14:05,0.99920000,2910.14487,s,l
2025-04-04 02:14:22,0.99920000,16.83199,s,l
2025-04-04 02:32:44,0.99920000,13.29286,s,l
2025-04-04 02:33:32,0.99920000,1807.32956,s,l
2025-04-04 02:33:36,0.99920000,62.26113,s,l
2025-04-04 02:33:36,0.99920000,62.27591,s,l
2025-04-04 02:33:36,0.99920000,62.29069,s,l
2025-04-04 02:33:36,0.99920000,62.30547,s,l
2025-04-04 02:33:36,0.99920000,62.32034,s,l
2025-04-04 02:33:36,0.99920000,62.33512,s,l
2025-04-04 02:33:36,0.99920000,62.34990,s,l
2025-04-04 02:33:36,0.99920000,62.36477,s,l
2025-04-04 02:33:36,0.99920000,62.37955,s,l
2025-04-04 02:33:36,0.99920000,62.39442,s,l
2025-04-04 02:33:36,0.99920000,62.40930,s,l
2025-04-04 02:33:36,0.99920000,62.42408,s,l
2025-04-04 02:33:36,0.99920000,62.43895,s,l
2025-04-04 02:33:36,0.99920000,202.99420,s,l
2025-04-04 02:33:36,0.99920000,62.45382,s,l
2025-04-04 02:33:36,0.99920000,62.46869,s,l
2025-04-04 02:33:36,0.99920000,62.48356,s,l
2025-04-04 02:33:36,0.99920000,62.49843,s,l
2025-04-04 02:33:36,0.99920000,62.51330,s,l
2025-04-04 02:33:36,0.99920000,62.52817,s,l
2025-04-04 02:33:36,0.99920000,62.54313,s,l
2025-04-04 02:33:36,0.99920000,42.07526,s,l
2025-04-04 02:33:45,0.99900000,8.04999,s,l
2025-04-04 02:33:54,0.99900000,1807.87048,s,l
2025-04-04 02:34:00,0.99900000,1807.98600,s,l
2025-04-04 02:34:04,0.99900000,62.55603,s,l
2025-04-04 02:34:04,0.99900000,62.56982,s,l
2025-04-04 02:34:04,0.99900000,62.58353,s,l
2025-04-04 02:34:04,0.99900000,62.59732,s,l
2025-04-04 02:34:04,0.99900000,62.61112,s,l
2025-04-04 02:34:04,0.99900000,62.62482,s,l
2025-04-04 02:34:04,0.99900000,62.63862,s,l
2025-04-04 02:34:04,0.99900000,62.65233,s,l
2025-04-04 02:34:04,0.99900000,62.66612,s,l
2025-04-04 02:34:04,0.99900000,62.67992,s,l
2025-04-04 02:34:04,0.99900000,62.69425,s,l
2025-04-04 02:34:04,0.99900000,62.70859,s,l
2025-04-04 02:34:04,0.99900000,62.72302,s,l
2025-04-04 02:34:04,0.99900000,62.73736,s,l
2025-04-04 02:34:04,0.99900000,62.75178,s,l
2025-04-04 02:34:04,0.99900000,62.76621,s,l
2025-04-04 02:34:04,0.99900000,62.78055,s,l
2025-04-04 02:34:04,0.99900000,62.79497,s,l
2025-04-04 02:34:04,0.99900000,62.80940,s,l
2025-04-04 02:34:04,0.99900000,62.82383,s,l
2025-04-04 02:34:04,0.99900000,62.83825,s,l
2025-04-04 02:34:04,0.99900000,62.85268,s,l
2025-04-04 02:34:04,0.99900000,62.86702,s,l
2025-04-04 02:34:04,0.99900000,62.88135,s,l
2025-04-04 02:34:05,0.99900000,62.89569,s,l
2025-04-04 02:34:05,0.99900000,62.91003,s,l
2025-04-04 02:34:05,0.99900000,62.92445,s,l
2025-04-04 02:34:05,0.99900000,62.93870,s,l
2025-04-04 02:34:05,0.99900000,53.89634,s,l
2025-04-04 02:34:09,0.99900000,62.96521,s,l
2025-04-04 02:34:09,0.99900000,62.97946,s,l
2025-04-04 02:34:09,0.99900000,62.99379,s,l
2025-04-04 02:34:09,0.99900000,63.00813,s,l
2025-04-04 02:34:09,0.99900000,63.02247,s,l
2025-04-04 02:34:09,0.99900000,63.03680,s,l
2025-04-04 02:34:09,0.99900000,63.05114,s,l
2025-04-04 02:34:09,0.99900000,63.06548,s,l
2025-04-04 02:34:09,0.99900000,63.07981,s,l
2025-04-04 02:34:09,0.99900000,63.09415,s,l
2025-04-04 02:34:09,0.99900000,63.10849,s,l
2025-04-04 02:34:09,0.99900000,63.12282,s,l
2025-04-04 02:34:09,0.99900000,63.13716,s,l
2025-04-04 02:34:09,0.99900000,63.15150,s,l
2025-04-04 02:34:09,0.99900000,63.16593,s,l
2025-04-04 02:34:09,0.99900000,63.18026,s,l
2025-04-04 02:34:09,0.99900000,63.19469,s,l
2025-04-04 02:34:09,0.99900000,63.20912,s,l
2025-04-04 02:34:09,0.99900000,63.22345,s,l
2025-04-04 02:34:09,0.99900000,63.23788,s,l
2025-04-04 02:34:09,0.99900000,63.25231,s,l
2025-04-04 02:34:09,0.99900000,63.26673,s,l
2025-04-04 02:34:09,0.99900000,63.28116,s,l
2025-04-04 02:34:09,0.99900000,63.29559,s,l
2025-04-04 02:34:09,0.99900000,63.31001,s,l
2025-04-04 02:34:09,0.99900000,63.32444,s,l
2025-04-04 02:34:09,0.99900000,63.33896,s,l
2025-04-04 02:34:09,0.99900000,63.35339,s,l
2025-04-04 02:34:09,0.99900000,42.32377,s,l
2025-04-04 02:34:15,0.99900000,1808.03688,s,l
2025-04-04 02:34:19,0.99900000,1808.03688,s,l
2025-04-04 02:34:24,0.99900000,1808.03688,s,l
2025-04-04 02:34:25,0.99900000,10.78505,s,l
2025-04-04 02:34:29,0.99900000,1808.03688,s,l
2025-04-04 02:34:35,0.99900000,485.33780,s,l
2025-04-04 02:53:36,0.99900000,1807.76963,s,l
2025-04-04 02:53:41,0.99900000,1807.77358,s,l
2025-04-04 02:53:48,0.99900000,11.62910,s,l
2025-04-04 02:53:49,0.99900000,4519.43678,s,l
2025-04-04 02:53:55,0.99900000,4519.43635,s,l
2025-04-04 02:53:57,0.99900000,14.75802,s,l
2025-04-04 02:54:02,0.99900000,4519.43681,s,l
2025-04-04 02:54:08,0.99900000,4519.43668,s,l
2025-04-04 02:54:14,0.99900000,4519.19339,s,l
2025-04-04 02:54:21,0.99900000,630.13185,s,l
2025-04-04 02:54:23,0.99900000,22.07652,s,l
2025-04-04 07:08:27,1.00100000,40.52044,b,l
2025-04-04 08:49:17,1.00100000,40.70051,b,l
2025-04-04 14:27:38,1.00100000,38.45624,b,l
2025-04-04 14:27:58,0.99900000,160.14440,s,l
2025-04-04 14:35:47,1.00100000,40.83590,b,l
2025-04-04 16:14:42,1.00100000,38.45623,b,l
2025-04-04 16:15:03,0.99900000,218.90140,s,l
2025-04-04 16:25:58,1.00100000,40.85661,b,l
2025-04-04 16:25:58,1.00100000,36.39522,b,l
2025-04-04 16:27:45,1.00100000,12.85314,b,l
2025-04-04 16:27:59,1.00100000,14.65663,b,l
2025-04-04 17:34:20,1.00100000,18.10489,b,l
2025-04-04 17:34:42,0.99900000,17.94340,s,l
2025-04-04 19:05:55,1.00100000,38.45621,b,l
2025-04-04 19:06:31,0.99900000,176.92230,s,l
2025-04-04 20:02:25,1.00100000,54.49451,b,l
2025-04-04 20:02:25,1.00100000,54.50224,b,l
2025-04-04 20:02:25,1.00100000,54.50996,b,l
2025-04-04 20:02:25,1.00100000,49.66241,b,l
2025-04-04 20:11:12,1.00100000,15.88950,b,l
2025-04-04 20:11:12,1.00100000,29.57217,b,l
2025-04-04 20:11:12,1.00100000,5.44092,b,l
2025-04-04 21:16:17,1.00100000,40.91978,b,l
2025-04-04 21:23:21,1.00100000,38.45620,b,l
2025-04-04 21:23:37,0.99900000,131.13310,s,l
2025-04-04 21:31:11,1.00100000,35.13665,b,l
2025-04-04 21:31:11,1.00100000,36.24000,b,l
2025-04-04 21:36:17,1.00100000,40.88118,b,l
2025-04-04 22:00:50,1.00100000,12.93063,b,l
2025-04-04 22:42:02,1.00100000,9.02149,b,l
2025-04-04 22:43:57,0.99900000,8.94100,s,l
2025-04-05 03:34:08,1.00100000,38.45618,b,l
2025-04-05 06:10:57,1.00100000,79.33657,b,l
2025-04-05 06:10:57,1.00100000,79.33736,b,l
2025-04-05 06:11:06,1.00000000,79.11840,s,l
2025-04-05 06:11:06,1.00000000,69.22939,s,l
2025-04-05 06:11:12,1.00000000,134.62803,s,l
2025-04-05 06:11:17,1.00000000,138.72094,s,l
2025-04-05 06:11:23,1.00000000,64.70713,s,l
2025-04-05 06:11:31,1.00000000,41.07360,s,l
2025-04-05 06:11:31,1.00000000,41.26162,s,l
2025-04-05 06:11:33,1.00000000,85.08118,s,l
2025-04-05 06:11:36,1.00000000,110.67132,s,l
2025-04-05 06:11:40,1.00000000,132.90569,s,l
2025-04-05 06:11:41,1.00000000,46.67159,s,l
2025-04-05 06:11:47,1.00000000,70.56541,s,l
2025-04-05 06:11:49,1.00000000,100.27743,s,l
2025-04-05 06:11:58,1.00000000,184.68085,s,l
2025-04-05 06:12:12,1.00000000,36.71769,s,l
2025-04-05 06:12:17,1.00000000,106.48162,s,l
2025-04-05 06:13:26,0.99900000,173.77618,s,l
2025-04-05 09:43:29,1.00100000,38.45688,b,l
2025-04-05 09:50:43,0.99900000,38.53921,s,l
2025-04-05 11:12:51,1.00100000,13.40798,b,l
2025-04-05 14:41:58,0.99900000,100.80498,s,l
2025-04-05 18:09:25,1.00100000,38.45687,b,l
2025-04-05 18:09:47,0.99900000,175.53560,s,l
2025-04-05 19:25:54,1.00100000,5.00000,b,l
2025-04-05 20:50:43,1.00000000,104.30301,b,l
2025-04-06 15:36:16,0.99900000,107.19920,s,l
2025-04-06 17:33:12,0.99950000,10002.15107,b,l
2025-04-06 17:39:34,0.99950000,99.99900,b,l
2025-04-06 17:39:34,0.99950000,42.72966,b,l
2025-04-06 17:39:38,0.99950000,599.99999,b,l
2025-04-06 17:39:51,0.99950000,317.64763,b,l
2025-04-06 17:40:11,0.99950000,48.10727,b,l
2025-04-06 17:40:11,0.99950000,48.12207,b,l
2025-04-06 17:41:06,0.99950000,99.99900,b,l
2025-04-06 17:41:06,0.99950000,99.99999,b,l
2025-04-06 17:41:42,0.99950000,100.00000,b,l
2025-04-06 17:42:38,0.99950000,100.00000,b,l
2025-04-06 17:42:38,0.99950000,100.00000,b,l
2025-04-06 17:42:39,0.99950000,100.00000,b,l
2025-04-06 17:42:39,0.99950000,100.00000,b,l
2025-04-06 17:42:42,0.99950000,62.55332,b,l
2025-04-06 17:47:25,0.99950000,36409.74127,b,l
2025-04-06 17:47:34,0.99900000,3864.58008,s,l
2025-04-06 17:47:39,0.99950000,1115.34025,b,l
2025-04-06 17:49:28,1.00100000,30.00000,b,l
2025-04-06 17:49:29,1.00100000,30.00000,b,l
2025-04-06 17:49:30,1.00100000,30.00000,b,l
2025-04-06 17:49:30,1.00100000,30.00960,b,l
2025-04-06 17:49:30,1.00100000,30.00000,b,l
2025-04-06 17:49:31,1.00100000,30.00000,b,l
2025-04-06 17:49:33,1.00100000,30.00000,b,l
2025-04-06 17:51:45,1.00100000,144.34670,b,l
2025-04-06 17:51:45,1.00100000,809.14762,b,l
2025-04-06 17:51:45,1.00100000,10.91873,b,l
2025-04-06 17:51:45,1.00100000,539.43175,b,l
2025-04-06 17:51:45,1.00100000,154.86019,b,l
2025-04-06 17:51:45,1.00100000,67.75615,b,l
2025-04-06 17:52:09,1.00300000,21.13020,b,l
2025-04-06 18:02:56,1.00300000,35.94966,b,l
2025-04-06 18:02:56,1.00300000,35.94966,b,l
2025-04-06 18:02:56,1.00300000,30.00000,b,l
2025-04-06 18:02:56,1.00300000,30.00000,b,l
2025-04-06 18:02:57,1.00300000,30.00000,b,l
2025-04-06 18:02:57,1.00300000,30.00000,b,l
2025-04-06 18:02:58,1.00300000,30.00000,b,l
2025-04-06 18:02:58,1.00300000,30.00000,b,l
2025-04-06 18:02:59,1.00300000,30.00000,b,l
2025-04-06 18:02:59,1.00300000,29.99970,b,l
2025-04-06 18:02:59,1.00300000,30.00000,b,l
2025-04-06 18:03:00,1.00300000,30.00000,b,l
2025-04-06 18:03:00,1.00300000,30.00000,b,l
2025-04-06 18:03:01,1.00300000,30.00000,b,l
2025-04-06 18:03:01,1.00300000,30.00000,b,l
2025-04-06 18:03:06,0.99900000,33.48839,s,l
2025-04-06 18:04:47,0.99900000,5278.53553,s,l
2025-04-06 18:04:47,0.99900000,59.93699,s,l
2025-04-06 18:04:47,0.99900000,607.31810,s,l
2025-04-06 18:04:53,0.99900000,3443.48143,s,l
2025-04-06 18:04:53,0.99900000,250.51942,s,l
2025-04-06 18:04:53,0.99900000,607.31810,s,l
2025-04-06 18:10:01,0.99900000,5.00000,s,l
2025-04-06 18:14:21,0.99900000,5.00000,s,l
2025-04-06 18:14:48,0.99900000,8.52394,s,l
2025-04-06 18:15:42,1.00290000,89.49048,b,m
2025-04-06 18:19:46,0.99900000,240.51942,s,l
2025-04-06 18:19:56,0.99900000,250.51946,s,l
2025-04-06 18:24:08,0.99900000,14.20300,s,l
2025-04-06 18:26:58,1.00000000,202.33790,b,l
2025-04-06 18:29:14,1.00000000,9.02850,b,l
2025-04-06 18:38:15,0.99900000,7.38753,s,l
2025-04-06 18:45:43,0.99900000,170.32709,s,l
2025-04-06 18:48:58,0.99900000,810.01818,s,l
2025-04-06 18:48:58,0.99900000,3007.31745,s,l
2025-04-06 18:48:58,0.99890000,10893.59266,s,l
2025-04-06 18:49:07,0.99890000,43.58248,s,l
2025-04-06 18:56:04,0.99890000,250.00000,s,l
2025-04-06 19:18:15,0.99890000,987.81593,s,l
2025-04-06 19:18:15,0.99890000,251.69026,s,l
2025-04-06 19:21:02,0.99890000,2517.41187,s,l
2025-04-06 19:21:02,0.99890000,251.69022,s,l
2025-04-06 19:30:26,0.99890000,9.10083,s,l
2025-04-06 19:32:20,0.99890000,8.77487,s,l
2025-04-06 20:28:00,1.00000000,85.14230,b,l
2025-04-06 20:33:13,1.00000000,100.32560,b,l
2025-04-06 20:35:40,1.00000000,270.96430,b,l
2025-04-06 20:36:32,1.00000000,56.20410,b,l
2025-04-06 20:39:34,0.99890000,78.78190,s,l
2025-04-06 21:05:19,1.00000000,8.02208,b,l
2025-04-06 21:05:19,1.00000000,83.95584,b,l
2025-04-06 21:05:20,1.00000000,8.02208,b,l
2025-04-06 21:06:32,1.00000000,252.10580,b,l
2025-04-06 21:06:54,1.00000000,252.10110,b,l
2025-04-06 21:07:05,1.00000000,39.05211,b,l
2025-04-06 21:07:15,1.00000000,213.04899,b,l
2025-04-06 21:07:30,1.00000000,39.05211,b,l
2025-04-06 21:10:02,1.00050000,896.29915,b,l
2025-04-06 21:10:02,1.00050000,896.29915,b,l
2025-04-06 21:10:02,1.00050000,896.29915,b,l
2025-04-06 21:10:02,1.00050000,896.29915,b,l
2025-04-06 21:10:02,1.00050000,896.29915,b,l
2025-04-06 21:10:02,1.00050000,814.26700,b,l
2025-04-06 21:10:02,1.00050000,82.03215,b,l
2025-04-06 21:10:04,1.00050000,814.26700,b,l
2025-04-06 21:35:54,0.99890000,5.65820,s,l
2025-04-06 21:35:54,0.99890000,5.65820,s,l
2025-04-06 23:07:57,0.99890000,100.00000,s,l
2025-04-07 05:54:14,0.99890000,73.03163,s,l
2025-04-07 05:54:14,0.99890000,766.19461,s,l
2025-04-07 05:54:14,0.99890000,839.22624,s,l
2025-04-07 05:54:14,0.99890000,839.22624,s,l
2025-04-07 05:54:14,0.99890000,839.22624,s,l
2025-04-07 05:54:15,0.99890000,839.22624,s,l
2025-04-07 05:54:15,0.99890000,839.22624,s,l
2025-04-07 05:54:15,0.99890000,839.22624,s,l
2025-04-07 05:54:15,0.99890000,55.25220,s,l
2025-04-07 05:59:24,0.99890000,19.84075,s,l
2025-04-07 05:59:24,0.99890000,73.03351,s,l
2025-04-07 06:00:55,0.99890000,26.96649,s,l
2025-04-07 06:34:01,1.00050000,279.92513,b,l
2025-04-07 06:34:14,1.00050000,93.37881,b,l
2025-04-07 06:34:28,1.00050000,286.32212,b,l
2025-04-07 06:34:51,1.00050000,287.06336,b,l
2025-04-07 06:34:52,1.00050000,248.23067,b,l
2025-04-07 06:58:13,1.00050000,28.93112,b,l
2025-04-07 07:01:54,1.00050000,1517.31715,b,l
2025-04-07 07:05:24,1.00050000,283.40689,b,l
2025-04-07 07:05:24,1.00050000,243.20363,b,l
2025-04-07 07:05:42,1.00050000,9.93129,b,l
2025-04-07 07:13:13,1.00050000,1238.14092,b,l
2025-04-07 07:13:49,1.00050000,300.78551,b,l
2025-04-07 07:14:26,1.00050000,18398.99190,b,l
2025-04-07 07:19:46,1.00050000,136.36950,b,l
2025-04-07 07:19:46,1.00050000,118.29513,b,l
2025-04-07 07:29:02,1.00050000,58.71537,b,l
2025-04-07 07:52:39,1.00050000,13.85197,b,l
2025-04-07 08:09:28,0.99910000,925.70448,s,m
2025-04-07 08:09:28,0.99900000,1003.82792,s,m
2025-04-07 08:18:53,1.00050000,9.35056,b,l
2025-04-07 08:19:43,1.00050000,100.00000,b,l
2025-04-07 08:19:43,1.00050000,100.00000,b,l
2025-04-07 08:25:00,1.00050000,100.00000,b,l
2025-04-07 08:29:48,1.00050000,100.00000,b,l
2025-04-07 09:07:20,0.99900000,346.59390,s,l
2025-04-07 10:14:35,0.99900000,207.24232,s,l
2025-04-07 10:24:22,0.99900000,115.84160,s,l
2025-04-07 10:38:34,0.99900000,5.35640,s,l
2025-04-07 10:51:52,0.99900000,32.87130,s,l
2025-04-07 10:53:42,0.99900000,115.40590,s,l
2025-04-07 10:55:02,0.99900000,96.03960,s,l
2025-04-07 10:56:29,0.99900000,12.88120,s,l
2025-04-07 11:22:44,0.99900000,402.89170,s,l
2025-04-07 11:24:06,0.99900000,100.79210,s,l
2025-04-07 12:32:29,0.99900000,5.77790,s,l
2025-04-07 15:01:13,0.99900000,615.99999,s,l
2025-04-07 16:40:44,1.00050000,49.99950,b,l
2025-04-07 16:40:44,1.00050000,49.99999,b,l
2025-04-07 16:40:44,1.00050000,50.00000,b,l
2025-04-07 16:40:44,1.00050000,50.00000,b,l
2025-04-07 16:40:45,1.00050000,50.00000,b,l
2025-04-07 16:40:45,1.00050000,50.00000,b,l
2025-04-07 16:40:45,1.00050000,49.99999,b,l
2025-04-07 16:40:45,1.00050000,49.99999,b,l
2025-04-07 16:40:45,1.00050000,50.00000,b,l
2025-04-07 16:40:45,1.00050000,50.00000,b,l
2025-04-07 16:40:46,1.00050000,49.99950,b,l
2025-04-07 16:40:46,1.00050000,49.99999,b,l
2025-04-07 16:40:46,1.00050000,50.00000,b,l
2025-04-07 16:40:46,1.00050000,50.00000,b,l
2025-04-07 16:40:47,1.00050000,49.99999,b,l
2025-04-07 16:40:47,1.00050000,50.00000,b,l
2025-04-07 16:40:47,1.00050000,49.99950,b,l
2025-04-07 16:40:47,1.00050000,49.99999,b,l
2025-04-07 16:40:47,1.00050000,50.00000,b,l
2025-04-07 16:40:47,1.00050000,50.01944,b,l
2025-04-07 16:40:48,1.00050000,50.00000,b,l
2025-04-07 16:40:48,1.00050000,49.99999,b,l
2025-04-07 16:40:48,1.00050000,50.01853,b,l
2025-04-07 16:40:48,1.00050000,49.99950,b,l
2025-04-07 16:40:48,1.00050000,50.00000,b,l
2025-04-07 16:40:48,1.00050000,49.99999,b,l
2025-04-07 16:40:48,1.00050000,50.01807,b,l
2025-04-07 16:40:49,1.00050000,49.99999,b,l
2025-04-07 16:40:49,1.00050000,50.00000,b,l
2025-04-07 16:40:49,1.00050000,50.01807,b,l
2025-04-07 16:40:49,1.00050000,49.99950,b,l
2025-04-07 16:40:49,1.00050000,49.99999,b,l
2025-04-07 16:40:49,1.00050000,50.00000,b,l
2025-04-07 19:52:38,1.00050000,49.99950,b,l
2025-04-07 19:52:38,1.00050000,49.86937,b,l
2025-04-07 19:52:39,1.00050000,50.01663,b,l
2025-04-07 19:52:39,1.00050000,50.01663,b,l
2025-04-07 19:52:40,1.00050000,50.01663,b,l
2025-04-07 19:52:40,1.00050000,50.01572,b,l
2025-04-07 19:52:41,1.00050000,50.01572,b,l
2025-04-07 19:52:41,1.00050000,50.01980,b,l
2025-04-07 19:52:42,1.00050000,50.01980,b,l
2025-04-07 19:52:43,1.00050000,50.01980,b,l
2025-04-08 01:27:59,1.00050000,7.56953,b,l
2025-04-08 05:21:43,0.99900000,83.95775,s,l
2025-04-08 10:15:25,1.00050000,49.99950,b,l
2025-04-08 10:15:25,1.00050000,50.01673,b,l
2025-04-08 10:15:26,1.00050000,50.01673,b,l
2025-04-08 10:15:26,1.00050000,50.01536,b,l
2025-04-08 10:15:27,1.00050000,50.01536,b,l
2025-04-08 10:15:28,1.00050000,50.01945,b,l
2025-04-08 10:15:28,1.00050000,65.37444,b,l
2025-04-08 10:15:28,1.00050000,65.37444,b,l
2025-04-08 10:15:28,1.00050000,50.01945,b,l
2025-04-08 10:15:29,1.00050000,50.01900,b,l
2025-04-08 10:15:29,1.00050000,50.01808,b,l
2025-04-08 10:15:30,1.00050000,50.01808,b,l
2025-04-08 10:15:30,1.00050000,50.01854,b,l
2025-04-08 10:16:06,0.99900000,81.54229,s,l
2025-04-08 10:41:32,0.99900000,45.80730,s,l
2025-04-08 12:11:24,0.99900000,2000.00000,s,l
2025-04-08 14:11:09,1.00050000,178.68439,b,l
2025-04-08 14:11:10,1.00050000,50.01531,b,l
2025-04-08 14:19:14,1.00050000,106.12416,b,l
2025-04-08 14:22:24,1.00050000,50.00000,b,l
2025-04-08 14:22:37,1.00050000,50.00000,b,l
2025-04-08 14:22:37,1.00050000,50.00000,b,l
2025-04-08 14:23:29,1.00050000,50.00000,b,l
2025-04-08 14:35:12,1.00050000,43.87583,b,l
2025-04-08 14:35:14,1.00050000,49.99999,b,l
2025-04-08 14:35:14,1.00050000,663.47347,b,l
2025-04-08 14:35:15,1.00050000,587.55853,b,l
2025-04-08 14:35:15,1.00050000,685.64912,b,l
2025-04-08 17:01:16,0.99900000,1868.17800,s,l
2025-04-08 18:35:00,0.99900000,21.54723,s,l
2025-04-08 19:20:31,1.00050000,102.36602,b,l
2025-04-08 19:35:10,1.00050000,11.66693,b,l
2025-04-09 04:25:29,0.99900000,4555.80864,s,l
2025-04-09 04:33:10,0.99900000,22.00655,s,l
2025-04-09 04:44:03,0.99900000,312.06023,s,l
2025-04-09 06:31:41,0.99900000,1202.73534,s,l
2025-04-09 06:31:41,0.99890000,3377.27747,s,l
2025-04-09 06:42:52,0.99890000,231.81377,s,l
2025-04-09 06:43:14,0.99890000,11.61552,s,l
2025-04-09 11:28:39,0.99890000,5746.98142,s,l
2025-04-09 16:11:14,0.99890000,204.35489,s,l
2025-04-09 16:11:14,0.99890000,5536.94407,s,l
2025-04-09 17:24:56,1.00040000,12.40091,b,l
2025-04-09 18:29:54,1.00040000,142.01270,b,l
2025-04-09 18:29:54,1.00050000,1.81958,b,l
2025-04-09 19:26:42,1.00050000,14.42753,b,l
2025-04-09 19:39:31,1.00050000,200.80567,b,l
2025-04-09 19:39:42,1.00050000,1000.30554,b,l
2025-04-09 19:39:42,1.00050000,1000.50962,b,l
2025-04-09 19:39:42,1.00050000,1000.71380,b,l
2025-04-09 19:39:42,1.00050000,1000.91798,b,l
2025-04-09 19:39:42,1.00050000,417.52398,b,l
2025-04-09 20:06:55,0.99890000,22.30570,s,l
2025-04-09 20:11:33,0.99890000,2.88670,s,l
2025-04-10 00:00:24,0.99890000,2.07030,s,l
2025-04-10 14:03:55,1.00050000,9.75120,b,l
2025-04-10 15:33:25,0.99900000,59.98165,s,l
2025-04-10 15:33:25,0.99900000,59.98165,s,l
2025-04-10 15:33:25,0.99900000,59.98165,s,l
2025-04-10 15:33:26,0.99900000,59.98165,s,l
2025-04-10 15:33:26,0.99900000,59.98165,s,l
2025-04-10 15:33:26,0.99900000,59.98165,s,l
2025-04-10 15:33:26,0.99900000,59.98165,s,l
2025-04-10 15:33:26,0.99900000,59.98165,s,l
2025-04-10 15:33:26,0.99900000,59.98165,s,l
2025-04-10 15:33:26,0.99900000,59.98165,s,l
2025-04-10 15:33:26,0.99900000,59.98165,s,l
2025-04-10 15:33:26,0.99900000,59.98165,s,l
2025-04-10 15:33:26,0.99900000,59.98165,s,l
2025-04-10 15:33:26,0.99900000,59.98165,s,l
2025-04-10 15:33:26,0.99900000,44.69520,s,l
2025-04-10 16:12:15,0.99900000,7624.07020,s,l
2025-04-10 16:12:15,0.99890000,12971.63553,s,l
2025-04-10 16:12:15,0.99880000,7373.48274,s,l
2025-04-10 19:20:53,0.99880000,2817.71945,s,l
2025-04-10 20:37:36,0.99880000,30.76230,s,l
2025-04-11 00:32:38,0.99880000,10.36988,s,l
2025-04-11 00:32:38,0.99880000,92.16238,s,l
2025-04-11 00:32:38,0.99880000,149.82665,s,l
2025-04-11 00:32:38,0.99880000,149.82665,s,l
2025-04-11 00:32:39,0.99880000,7087.84833,s,l
2025-04-11 00:32:39,0.99880000,18.60296,s,l
2025-04-11 00:32:55,0.99880000,21.85472,s,l
2025-04-11 01:31:46,0.99880000,82.86209,s,l
2025-04-11 01:31:46,0.99880000,973.54138,s,l
2025-04-11 01:31:46,0.99880000,187.56118,s,l
2025-04-11 06:33:24,0.99880000,255.00000,s,l
2025-04-11 07:06:29,0.99880000,601.84426,s,l
2025-04-11 07:06:29,0.99880000,602.02566,s,l
2025-04-11 07:06:29,0.99880000,602.20712,s,l
2025-04-11 07:06:29,0.99880000,355.85794,s,l
2025-04-11 07:06:29,0.99880000,602.38863,s,l
2025-04-11 07:06:29,0.99880000,602.57020,s,l
2025-04-11 07:06:29,0.99880000,312.03877,s,l
2025-04-11 08:32:11,0.99880000,124.86830,s,l
2025-04-11 09:32:06,0.99880000,3514.05912,s,l
2025-04-11 09:32:06,0.99880000,91.59820,s,l
2025-04-11 09:32:13,0.99880000,4391.26132,s,l
2025-04-11 09:32:13,0.99880000,104.87900,s,l
2025-04-11 09:32:21,0.99880000,4621.20136,s,l
2025-04-11 09:32:21,0.99880000,64.23667,s,l
2025-04-11 09:40:40,1.00050000,142.60181,b,l
2025-04-11 09:45:10,0.99880000,1726.40090,s,l
2025-04-11 09:45:16,0.99880000,317.48545,s,l
2025-04-11 09:45:16,0.99880000,576.90018,s,l
2025-04-11 09:45:16,0.99880000,0.91319,s,l
2025-04-11 09:45:16,0.99700000,894.38561,s,l
2025-04-11 09:45:35,0.99700000,2635.90315,s,l
2025-04-11 09:45:35,0.99700000,33.82590,s,l
2025-04-11 09:45:39,0.99700000,1335.34471,s,l
2025-04-11 09:45:39,0.99650000,422.25999,s,l
2025-04-11 09:45:47,0.99650000,36.18673,s,l
2025-04-11 09:45:47,0.99650000,1201.31137,s,l
2025-04-11 09:45:47,0.99650000,1201.67877,s,l
2025-04-11 09:45:47,0.99650000,1202.04626,s,l
2025-04-11 09:45:47,0.99650000,752.48275,s,l
2025-04-11 09:46:01,0.99600000,1100.35098,s,l
2025-04-11 09:46:01,0.99600000,1101.73619,s,l
2025-04-11 09:50:54,1.00050000,239.20172,b,l
2025-04-11 09:51:17,1.00050000,218.83362,b,l
2025-04-11 09:51:43,1.00050000,2187.22658,b,l
2025-04-11 09:51:43,1.00050000,2187.20472,b,l
2025-04-11 09:51:43,1.00050000,91.26470,b,l
2025-04-11 09:51:44,1.00050000,21.97198,b,l
2025-04-11 09:54:20,1.00050000,227.92524,b,l
2025-04-11 09:54:33,1.00050000,18.72329,b,l
2025-04-11 09:54:41,1.00050000,210.11655,b,l
2025-04-11 09:54:43,1.00050000,91.35777,b,l
2025-04-11 09:55:03,1.00050000,21.58161,b,l
2025-04-11 09:55:08,1.00050000,47.63098,b,l
2025-04-11 09:55:13,1.00050000,802.27926,b,l
2025-04-11 09:55:13,1.00050000,802.27125,b,l
2025-04-11 09:55:13,1.00050000,802.27927,b,l
2025-04-11 09:55:16,1.00050000,6.92624,b,l
2025-04-11 09:55:33,1.00050000,209.66871,b,l
2025-04-11 09:55:36,1.00050000,315.68142,b,l
2025-04-11 09:55:38,1.00050000,993.49293,b,l
2025-04-11 09:55:38,1.00050000,52.72297,b,l
2025-04-11 09:55:38,1.00050000,941.09156,b,l
2025-04-11 09:55:38,1.00050000,994.13623,b,l
2025-04-11 09:55:38,1.00050000,994.45804,b,l
2025-04-11 09:55:38,1.00050000,994.77995,b,l
2025-04-11 09:55:38,1.00050000,995.10197,b,l
2025-04-11 09:55:38,1.00050000,267.20560,b,l
2025-04-11 09:55:38,1.00050000,267.20827,b,l
2025-04-11 09:55:38,1.00050000,91.38179,b,l
2025-04-11 09:55:38,1.00050000,91.38179,b,l
2025-04-11 09:55:39,1.00050000,1172.20132,b,l
2025-04-11 09:55:39,1.00050000,1172.33694,b,l
2025-04-11 09:55:39,1.00050000,360.80732,b,l
2025-04-11 09:56:33,1.00050000,6.87877,b,l
2025-04-11 09:56:40,1.00050000,218.50094,b,l
2025-04-11 09:57:14,1.00050000,7.59718,b,l
2025-04-11 09:58:15,1.00050000,1177.31055,b,l
2025-04-11 09:58:15,1.00050000,690.70326,b,l
2025-04-11 09:58:15,1.00050000,690.70327,b,l
2025-04-11 09:58:16,1.00050000,540.50410,b,l
2025-04-11 09:58:16,1.00050000,39.39251,b,l
2025-04-11 09:58:17,1.00050000,280.74631,b,l
2025-04-11 09:58:20,1.00050000,91.39096,b,l
2025-04-11 09:58:20,1.00050000,91.39096,b,l
2025-04-11 09:58:20,1.00050000,91.39096,b,l
2025-04-11 09:58:34,1.00050000,958.43070,b,l
2025-04-11 09:58:34,1.00050000,958.72418,b,l
2025-04-11 09:58:34,1.00050000,959.01776,b,l
2025-04-11 10:01:32,1.00050000,3602.38574,b,l
2025-04-11 10:01:32,1.00050000,30.24082,b,l
2025-04-11 10:01:32,1.00050000,91.63275,b,l
2025-04-11 10:01:32,1.00050000,20.94543,b,l
2025-04-11 10:02:34,0.99600000,1427.15424,s,l
2025-04-11 10:04:26,0.99600000,2650.28622,s,l
2025-04-11 10:04:31,0.99600000,750.74925,s,l
2025-04-11 10:04:31,0.99600000,658.62873,s,l
2025-04-11 10:05:01,0.99550000,1000.00000,s,l
2025-04-11 10:05:01,0.99510000,155.23605,s,l
2025-04-11 10:05:01,0.99500000,997.80170,s,l
2025-04-11 10:05:01,0.99500000,2.19830,s,l
2025-04-11 10:05:01,0.99400000,498.36270,s,l
2025-04-11 10:05:15,0.99400000,8.64458,s,l
2025-04-11 10:05:27,0.99400000,492.99272,s,l
2025-04-11 10:05:27,0.99300000,998.47718,s,l
2025-04-11 10:05:27,0.99300000,1.52282,s,l
2025-04-11 10:31:04,0.97510000,989.86427,s,l
2025-04-11 10:32:43,0.97520000,39.99179,s,l
2025-04-11 10:32:43,0.97510000,34.91493,s,l
2025-04-11 11:00:28,0.97510000,0.75664,s,l
2025-04-11 11:00:28,0.97010000,160.80153,s,l
2025-04-11 11:00:28,0.97010000,525.06020,s,l
2025-04-11 13:20:57,0.99000000,20.00000,s,l
2025-04-11 13:20:57,0.99000000,20.00000,s,l
2025-04-11 13:20:57,0.99000000,20.00000,s,l
2025-04-11 13:20:57,0.99000000,20.00000,s,l
2025-04-11 13:20:57,0.99000000,20.00000,s,l
2025-04-11 13:20:57,0.99000000,20.00000,s,l
2025-04-11 13:20:57,0.99000000,20.00000,s,l
2025-04-11 13:20:57,0.99000000,20.00000,s,l
2025-04-11 13:20:57,0.99000000,20.00000,s,l
2025-04-11 13:20:57,0.99000000,20.00000,s,l
2025-04-11 13:20:57,0.99000000,19.99227,s,l
2025-04-11 13:20:57,0.99000000,25.28376,s,l
2025-04-11 13:25:06,0.99800000,19.99300,s,l
2025-04-11 13:25:06,0.99800000,20.00000,s,l
2025-04-11 13:25:06,0.99800000,20.00000,s,l
2025-04-11 13:25:06,0.99800000,20.00000,s,l
2025-04-11 13:25:06,0.99800000,20.00000,s,l
2025-04-11 13:25:06,0.99800000,20.00000,s,l
2025-04-11 13:25:06,0.99800000,19.99362,s,l
2025-04-11 13:25:39,0.99900000,19.99395,s,l
2025-04-11 13:25:39,0.99900000,20.00000,s,l
2025-04-11 13:25:39,0.99900000,19.99399,s,l
2025-04-11 13:26:12,0.99950000,19.99383,s,l
2025-04-11 13:28:37,0.99950000,19.99383,s,l
2025-04-11 13:32:40,0.99950000,19.99384,s,l
2025-04-11 13:35:54,0.99990000,20.00604,b,l
2025-04-11 13:38:32,0.99990000,20.00604,b,l
2025-04-11 13:38:41,0.99990000,20.00604,b,l
2025-04-11 13:38:44,0.99990000,20.00604,b,l
2025-04-11 13:38:48,0.99990000,20.00604,b,l
2025-04-11 13:38:52,0.99990000,20.00605,b,l
2025-04-11 13:39:16,0.99990000,20.00640,b,l
2025-04-11 13:39:18,0.99990000,15.19340,b,l
2025-04-11 13:39:40,1.00000000,20.33186,b,l
2025-04-11 13:39:43,1.00000000,20.34852,b,l
2025-04-11 13:40:07,0.99950000,19.99396,s,l
2025-04-11 13:40:36,0.99950000,19.99361,s,l
2025-04-11 13:40:36,0.99950000,19.99361,s,l
2025-04-11 13:40:36,0.99950000,19.99397,s,l
2025-04-11 13:40:55,0.99950000,19.99362,s,l
2025-04-11 13:42:08,0.99950000,8.80063,s,l
2025-04-11 13:42:08,0.99950000,11.19304,s,l
2025-04-11 13:42:08,0.99950000,11.19304,s,l
2025-04-11 13:43:27,0.99950000,19.99381,s,l
2025-04-11 13:46:45,1.00000000,20.00616,b,l
2025-04-11 13:46:55,1.00000000,18.85313,b,l
2025-04-11 13:47:13,1.00000000,20.00616,b,l
2025-04-11 13:47:32,1.00000000,20.00616,b,l
2025-04-11 13:47:38,1.00000000,20.00617,b,l
2025-04-11 13:49:29,1.00000000,10.83838,b,l
2025-04-11 13:49:29,1.00000000,13.30227,b,l
2025-04-11 13:49:29,1.00000000,20.00653,b,l
2025-04-11 13:49:30,1.00000000,20.00653,b,l
2025-04-11 13:49:45,0.99950000,19.99393,s,l
2025-04-11 13:50:05,0.99950000,19.99394,s,l
2025-04-11 13:51:03,0.99950000,19.99377,s,l
2025-04-11 13:54:14,1.00000000,20.00653,b,l
2025-04-11 13:58:29,0.99950000,19.99395,s,l
2025-04-11 13:59:16,0.99950000,19.99395,s,l
2025-04-11 13:59:34,0.99950000,19.99396,s,l
2025-04-11 14:02:40,0.99950000,19.99397,s,l
2025-04-11 14:04:06,0.99950000,19.99362,s,l
2025-04-11 14:06:56,0.99950000,19.99398,s,l
2025-04-11 14:12:29,0.99950000,19.99364,s,l
2025-04-11 14:22:33,1.00000000,7.14862,b,l
2025-04-11 14:22:33,1.00000000,7.14862,b,l
2025-04-11 14:22:33,1.00000000,5.70891,b,l
2025-04-11 14:25:30,0.99950000,19.99399,s,l
2025-04-11 14:31:43,1.00000000,20.00651,b,l
2025-04-11 14:32:00,1.00000000,20.00616,b,l
2025-04-11 14:32:29,1.00000000,20.00616,b,l
2025-04-11 14:33:20,1.00000000,20.00634,b,l
2025-04-11 14:33:51,1.00000000,20.00617,b,l
2025-04-11 14:39:26,0.99950000,19.99396,s,l
2025-04-11 14:40:59,0.99950000,19.99397,s,l
2025-04-11 14:43:55,1.00000000,20.00652,b,l
2025-04-11 14:48:27,1.00000000,20.00000,b,l
2025-04-11 14:49:15,1.00000000,20.00000,b,l
2025-04-11 14:50:39,1.00000000,20.00600,b,l
2025-04-11 14:52:36,1.00000000,20.00618,b,l
2025-04-11 14:56:43,0.99950000,19.99359,s,l
2025-04-11 15:09:40,1.00000000,20.00600,b,l
2025-04-11 15:16:42,1.00000000,20.00600,b,l
2025-04-11 15:16:44,1.00000000,20.00545,b,l
2025-04-11 15:19:26,0.99950000,19.99392,s,l
2025-04-11 15:20:40,0.99950000,1860.55686,s,l
2025-04-11 15:20:40,0.99900000,730.82704,s,l
2025-04-11 15:20:40,0.99800000,687.41601,s,l
2025-04-11 15:21:12,0.99800000,19.99389,s,l
2025-04-11 15:24:38,1.00000000,11.43808,b,l
2025-04-11 15:24:38,1.00000000,8.56801,b,l
2025-04-11 15:25:23,1.00000000,20.00600,b,l
2025-04-11 15:31:33,0.99800000,83.40508,s,l
2025-04-11 15:31:33,0.99750000,1513.58395,s,l
2025-04-11 15:31:33,0.99750000,20.00712,b,l
2025-04-11 15:31:33,0.99750000,20.00677,b,l
2025-04-11 15:31:33,0.99750000,20.00605,b,l
2025-04-11 15:41:03,0.99740000,6.75117,b,l
2025-04-11 15:57:51,0.99740000,20.00608,b,l
2025-04-11 16:00:53,0.99740000,13.23454,b,l
2025-04-11 16:00:54,0.99750000,6.77151,b,l
2025-04-11 17:37:46,0.99600000,8.87983,s,l
2025-04-11 17:37:48,0.99600000,11.11400,s,l
2025-04-11 17:38:05,0.99600000,19.99386,s,l
2025-04-11 17:39:47,0.99600000,8.87198,s,l
2025-04-11 17:39:48,0.99600000,11.12173,s,l
2025-04-11 17:39:57,0.99600000,19.99391,s,l
2025-04-11 17:40:00,0.99600000,97.29376,s,l
2025-04-11 17:40:00,0.99600000,108.10240,s,l
2025-04-11 17:56:55,0.99750000,20.00608,b,l
2025-04-11 17:57:23,0.99750000,20.00606,b,l
2025-04-11 18:54:02,0.99750000,748.97269,b,l
2025-04-11 18:54:02,0.99750000,19.99351,s,l
2025-04-11 18:54:02,0.99750000,13.84080,s,l
2025-04-11 19:08:50,0.99500000,6.15243,s,l
2025-04-11 19:17:33,0.99500000,19.99386,s,l
2025-04-11 19:23:38,0.99500000,19.99390,s,l
2025-04-11 19:36:39,0.99600000,19.99347,s,l
2025-04-11 19:36:39,0.99600000,20.00000,s,l
2025-04-11 19:36:39,0.99600000,20.00000,s,l
2025-04-11 19:36:39,0.99600000,19.99389,s,l
2025-04-11 19:45:44,0.99600000,19.99350,s,l
2025-04-11 19:45:44,0.99600000,19.99362,s,l
2025-04-11 19:45:44,0.99600000,20.00000,s,l
2025-04-11 19:45:44,0.99600000,20.00000,s,l
2025-04-11 19:45:44,0.99600000,19.99386,s,l
2025-04-11 19:45:44,0.99600000,20.00000,s,l
2025-04-11 19:45:44,0.99600000,19.99392,s,l
2025-04-11 19:45:44,0.99600000,20.00000,s,l
2025-04-11 19:45:44,0.99600000,19.99302,s,l
2025-04-11 19:45:44,0.99600000,20.00000,s,l
2025-04-11 19:45:44,0.99600000,19.99266,s,l
2025-04-11 19:45:44,0.99600000,20.00000,s,l
2025-04-11 19:45:44,0.99600000,19.90658,s,l
2025-04-11 19:45:44,0.99600000,19.99254,s,l
2025-04-11 19:46:23,0.99600000,19.99388,s,l
2025-04-11 19:56:04,0.99600000,19.99356,s,l
2025-04-11 20:10:01,0.99600000,19.99396,s,l
2025-04-11 20:30:06,0.99600000,585.05458,s,l
2025-04-11 20:30:06,0.99600000,585.23015,s,l
2025-04-11 20:30:06,0.99600000,585.40579,s,l
2025-04-11 20:30:06,0.99600000,585.58147,s,l
2025-04-11 20:30:06,0.99600000,585.75721,s,l
2025-04-11 20:30:06,0.99600000,585.93299,s,l
2025-04-11 20:30:06,0.99600000,586.10883,s,l
2025-04-11 20:30:06,0.99600000,15.28678,s,l
2025-04-11 20:55:37,0.99600000,20.00000,s,l
2025-04-11 20:58:20,0.99600000,20.00000,s,l
2025-04-11 20:59:17,0.99600000,20.00000,s,l
2025-04-12 00:16:36,0.99600000,64.49581,s,l
2025-04-12 06:31:14,0.99600000,4859.38017,s,l
2025-04-12 06:31:40,0.99500000,30.00000,s,l
2025-04-12 06:32:35,0.99600000,30.00000,s,l
2025-04-12 06:32:35,0.99600000,30.00000,s,l
2025-04-12 14:14:45,0.99610000,29.39999,s,l
2025-04-12 14:14:45,0.99600000,123.89988,s,l
2025-04-13 14:40:36,0.99610000,9.19660,s,m
2025-04-13 14:40:36,0.99600000,60.09793,s,m
2025-04-13 16:47:18,1.00050000,15.29855,b,m
2025-04-13 21:05:13,1.00050000,14.70297,b,l
2025-04-13 22:33:26,0.99800000,30.00000,s,l
2025-04-13 23:16:48,0.99810000,29.39999,s,m
2025-04-13 23:16:48,0.99800000,61.51580,s,m
2025-04-13 23:43:44,0.99800000,30.00000,s,l
2025-04-13 23:47:44,0.99800000,30.00000,s,l
2025-04-14 00:01:03,0.99800000,30.00000,s,l
2025-04-14 00:07:20,0.99800000,30.00000,s,l
2025-04-14 00:08:18,0.99800000,51.08272,s,l
2025-04-14 00:08:18,0.99800000,30.00000,s,l
2025-04-14 00:08:19,0.99800000,95.44308,s,l
2025-04-14 00:08:19,0.99800000,95.27298,s,l
2025-04-14 00:08:19,0.99800000,95.27614,s,l
2025-04-14 00:08:19,0.99800000,95.27931,s,l
2025-04-14 00:08:19,0.99800000,95.28256,s,l
2025-04-14 00:08:19,0.99800000,95.28581,s,l
2025-04-14 00:08:19,0.99800000,95.28906,s,l
2025-04-14 00:08:19,0.99800000,95.29232,s,l
2025-04-14 00:08:19,0.99800000,29.34895,s,l
2025-04-14 00:08:19,0.99800000,65.94662,s,l
2025-04-14 00:08:19,0.99800000,95.29882,s,l
2025-04-14 00:08:19,0.99800000,95.30199,s,l
2025-04-14 00:08:19,0.99800000,95.30515,s,l
2025-04-14 00:08:19,0.99800000,95.30832,s,l
2025-04-14 00:08:19,0.99800000,95.31157,s,l
2025-04-14 00:08:19,0.99800000,95.31482,s,l
2025-04-14 00:08:19,0.99800000,95.31807,s,l
2025-04-14 00:08:19,0.99800000,95.32124,s,l
2025-04-14 00:08:19,0.99800000,95.32449,s,l
2025-04-14 00:08:19,0.99800000,95.32774,s,l
2025-04-14 00:08:19,0.99800000,65.28990,s,l
2025-04-14 01:12:25,0.99600000,23.04673,s,l
2025-04-14 01:12:25,0.99600000,6.95326,s,l
2025-04-14 01:12:36,0.99600000,23.05007,s,l
2025-04-14 01:12:36,0.99600000,6.94993,s,l
2025-04-14 01:12:49,0.99600000,8.82348,s,l
2025-04-14 01:12:49,0.99600000,21.17652,s,l
2025-04-14 01:12:49,0.99600000,8.82333,s,l
2025-04-14 01:12:49,0.99600000,23.05893,s,l
2025-04-14 01:12:49,0.99600000,23.06139,s,l
2025-04-14 01:12:49,0.99600000,23.06386,s,l
2025-04-14 01:12:49,0.99600000,23.06632,s,l
2025-04-14 01:12:49,0.99600000,23.06887,s,l
2025-04-14 01:12:49,0.99600000,23.07142,s,l
2025-04-14 01:12:49,0.99600000,23.07397,s,l
2025-04-14 01:12:49,0.99600000,23.07652,s,l
2025-04-14 01:12:49,0.99600000,23.07898,s,l
2025-04-14 01:12:49,0.99600000,23.08144,s,l
2025-04-14 01:12:49,0.99600000,23.08390,s,l
2025-04-14 01:12:49,0.99600000,23.08636,s,l
2025-04-14 01:12:49,0.99600000,23.08891,s,l
2025-04-14 01:12:49,0.99600000,23.09146,s,l
2025-04-14 01:12:49,0.99600000,23.09401,s,l
2025-04-14 01:12:49,0.99600000,23.09656,s,l
2025-04-14 01:12:49,0.99600000,23.09911,s,l
2025-04-14 01:12:49,0.99600000,23.10157,s,l
2025-04-14 01:12:49,0.99600000,23.10403,s,l
2025-04-14 01:12:49,0.99600000,23.10649,s,l
2025-04-14 01:12:49,0.99600000,23.10895,s,l
2025-04-14 01:12:49,0.99600000,23.11150,s,l
2025-04-14 01:12:49,0.99600000,23.11405,s,l
2025-04-14 01:12:49,0.99600000,23.11660,s,l
2025-04-14 01:12:49,0.99600000,23.11915,s,l
2025-04-14 01:12:49,0.99600000,23.12170,s,l
2025-04-14 01:12:49,0.99600000,23.12425,s,l
2025-04-14 01:12:49,0.99600000,23.12671,s,l
2025-04-14 01:12:49,0.99600000,23.12917,s,l
2025-04-14 01:12:49,0.99600000,23.13172,s,l
2025-04-14 01:12:49,0.99600000,23.13427,s,l
2025-04-14 01:12:49,0.99600000,23.13682,s,l
2025-04-14 01:12:49,0.99600000,23.13937,s,l
2025-04-14 01:12:49,0.99600000,23.14192,s,l
2025-04-14 01:12:49,0.99600000,23.14447,s,l
2025-04-14 01:12:49,0.99600000,23.14702,s,l
2025-04-14 01:12:49,0.99600000,23.14948,s,l
2025-04-14 01:12:49,0.99600000,23.15194,s,l
2025-04-14 01:12:49,0.99600000,23.15449,s,l
2025-04-14 01:12:49,0.99600000,23.15704,s,l
2025-04-14 01:12:49,0.99600000,23.15959,s,l
2025-04-14 01:12:49,0.99600000,23.16214,s,l
2025-04-14 01:12:49,0.99600000,23.16486,s,l
2025-04-14 01:12:49,0.99600000,23.16759,s,l
2025-04-14 01:12:49,0.99600000,23.17031,s,l
2025-04-14 01:12:49,0.99600000,8.82325,s,l
2025-04-14 01:12:49,0.99600000,23.17409,s,l
2025-04-14 01:12:49,0.99600000,23.17664,s,l
2025-04-14 01:12:49,0.99600000,23.17946,s,l
2025-04-14 01:12:49,0.99600000,23.18324,s,l
2025-04-14 01:12:49,0.99600000,23.18702,s,l
2025-04-14 01:12:49,0.99600000,23.19080,s,l
2025-04-14 01:12:49,0.99600000,23.19449,s,l
2025-04-14 01:12:49,0.99600000,23.19818,s,l
2025-04-14 01:12:49,0.99600000,23.20196,s,l
2025-04-14 01:12:50,0.99600000,23.20574,s,l
2025-04-14 01:12:50,0.99600000,23.20952,s,l
2025-04-14 01:12:50,0.99600000,23.21330,s,l
2025-04-14 01:12:50,0.99600000,23.21708,s,l
2025-04-14 01:12:50,0.99600000,23.22077,s,l
2025-04-14 01:12:50,0.99600000,23.22455,s,l
2025-04-14 01:12:50,0.99600000,23.22833,s,l
2025-04-14 01:12:50,0.99600000,23.23211,s,l
2025-04-14 01:12:50,0.99600000,23.23589,s,l
2025-04-14 01:12:50,0.99600000,23.23967,s,l
2025-04-14 01:12:50,0.99600000,23.24345,s,l
2025-04-14 01:12:50,0.99600000,23.24723,s,l
2025-04-14 01:12:50,0.99600000,23.25101,s,l
2025-04-14 01:12:50,0.99600000,23.25479,s,l
2025-04-14 01:12:50,0.99600000,23.25857,s,l
2025-04-14 01:12:50,0.99600000,23.26235,s,l
2025-04-14 01:12:50,0.99600000,23.26622,s,l
2025-04-14 01:12:50,0.99600000,23.27000,s,l
2025-04-14 01:12:50,0.99600000,21.98288,s,l
2025-04-14 01:26:55,0.99500000,30.00000,s,l
2025-04-14 01:27:04,0.99500000,30.00000,s,l
2025-04-14 01:28:30,0.99500000,11.01557,s,l
2025-04-14 03:04:25,0.99010000,156.77234,s,l
2025-04-14 03:04:25,0.99000000,186.42424,s,l
2025-04-14 03:04:25,0.98500000,1378.21775,s,l
2025-04-14 03:08:25,0.98500000,89.26588,s,l
2025-04-14 03:08:27,0.98500000,293.53487,s,l
2025-04-14 05:07:44,0.99500000,30.00000,s,l
2025-04-14 05:08:55,0.99700000,8.83785,s,l
2025-04-14 05:08:55,0.99700000,21.16215,s,l
2025-04-14 05:20:35,0.99700000,30.00000,s,l
2025-04-14 05:23:17,0.99700000,30.00000,s,l
2025-04-14 05:26:33,0.99700000,112.50299,s,l
2025-04-14 05:26:33,0.99700000,85.52107,s,l
2025-04-14 06:08:05,0.99500000,261.86951,s,l
2025-04-14 06:08:05,0.99500000,70.17068,s,l
2025-04-15 00:36:54,0.99990000,156.77234,b,l
2025-04-15 00:36:54,1.00000000,408.54186,b,l
2025-04-15 00:36:54,1.00000000,306.93844,b,l
2025-04-15 00:36:54,1.00000000,306.93844,b,l
2025-04-15 05:57:07,0.99510000,105.70400,s,l
2025-04-15 08:19:21,0.99900000,22.48247,s,l
2025-04-15 08:54:57,0.99950000,29.99093,s,l
2025-04-15 08:54:57,0.99950000,29.99075,s,l
2025-04-15 08:54:57,0.99950000,30.00000,s,l
2025-04-15 08:54:57,0.99950000,29.99022,s,l
2025-04-15 08:54:57,0.99950000,30.00000,s,l
2025-04-15 08:54:57,0.99950000,29.99031,s,l
2025-04-15 08:54:57,0.99950000,30.00000,s,l
2025-04-15 08:54:57,0.99950000,21.35344,s,l
2025-04-15 10:05:36,0.99900000,50.00000,s,l
2025-04-15 10:07:27,0.99900000,49.98471,s,l
2025-04-15 11:24:25,1.00050000,50.00000,b,l
2025-04-15 12:58:15,1.00050000,50.01522,b,l
2025-04-15 13:21:26,1.00050000,8.84376,b,l
2025-04-15 13:21:26,1.00050000,8.84376,b,l
2025-04-15 13:21:26,1.00050000,8.84376,b,l
2025-04-15 13:26:08,1.00050000,8.84372,b,l
2025-04-15 13:26:08,1.00050000,14.64051,b,l
2025-04-15 13:48:19,0.99900000,50.00000,s,l
2025-04-15 14:06:40,1.00050000,50.01525,b,l
2025-04-15 14:10:12,1.00050000,50.01527,b,l
2025-04-15 14:11:30,1.00050000,50.01530,b,l
2025-04-15 14:26:44,0.99900000,49.98497,s,l
2025-04-15 14:35:05,0.99900000,50.00000,s,l
2025-04-15 14:57:50,0.99900000,49.98462,s,l
2025-04-15 15:31:09,1.00050000,50.01525,b,l
2025-04-15 15:44:43,1.00050000,34.94507,b,l
2025-04-15 15:51:43,1.00050000,49.94693,b,l
2025-04-15 16:16:50,1.00050000,50.01533,b,l
2025-04-15 16:33:45,1.00050000,50.01536,b,l
2025-04-15 16:50:05,1.00050000,8.86930,b,l
2025-04-15 16:50:05,1.00050000,41.13069,b,l
2025-04-15 16:50:05,1.00050000,41.13069,b,l
2025-04-15 16:50:05,1.00050000,49.99999,b,l
2025-04-15 16:50:05,1.00050000,50.01757,b,l
2025-04-15 16:50:05,1.00050000,49.99999,b,l
2025-04-15 16:50:05,1.00050000,49.99950,b,l
2025-04-15 16:50:05,1.00050000,50.01934,b,l
2025-04-15 19:19:43,0.99970000,49.98485,s,l
2025-04-15 20:41:17,1.00000000,8.86262,b,l
2025-04-15 20:41:17,1.00000000,8.86262,b,l
2025-04-15 20:41:17,1.00000000,32.05247,b,l
2025-04-15 20:41:17,1.00000000,49.99999,b,l
2025-04-15 20:41:17,1.00000000,49.99999,b,l
2025-04-15 20:41:17,1.00000000,49.99950,b,l
2025-04-15 20:41:17,1.00000000,50.01904,b,l
2025-04-15 20:41:17,1.00000000,25.58591,b,l
2025-04-15 20:41:17,1.00000000,49.99950,b,l
2025-04-15 20:41:17,1.00000000,8.85908,b,l
2025-04-15 20:48:48,0.99970000,292.51420,s,l
2025-04-15 22:00:35,0.99970000,49.98485,s,l
2025-04-15 22:06:36,1.00000000,5.09990,b,m
2025-04-15 22:06:36,0.99970000,7.17707,s,m
2025-04-15 22:06:36,0.99970000,8.95922,s,m
2025-04-15 22:10:55,0.99970000,33.85184,s,l
2025-04-15 22:19:51,0.99970000,8.85785,s,l
2025-04-15 22:19:51,0.99970000,8.85785,s,l
2025-04-15 22:19:51,0.99970000,32.26751,s,l
2025-04-15 22:19:51,0.99970000,50.00000,s,l
2025-04-15 22:19:51,0.99970000,49.98381,s,l
2025-04-15 22:19:52,0.99970000,25.53493,s,l
2025-04-15 23:04:45,1.00000000,50.01506,b,l
2025-04-15 23:33:09,0.99970000,50.00000,s,l
2025-04-16 00:12:05,0.99970000,49.98490,s,l
2025-04-16 00:17:33,0.99970000,49.98404,s,l
2025-04-16 00:35:43,0.99970000,5.77786,s,l
2025-04-16 00:41:06,1.00000000,50.01503,b,l
2025-04-16 01:04:16,0.99970000,49.98494,s,l
2025-04-16 01:38:31,0.99970000,49.98496,s,l
2025-04-16 01:57:50,1.00000000,50.01502,b,l
2025-04-16 02:04:35,0.99970000,22.50816,s,l
2025-04-16 03:35:02,0.99900000,27.47663,s,l
2025-04-16 04:01:51,0.99900000,49.98471,s,l
2025-04-16 05:25:26,1.00000000,18.02049,b,m
2025-04-16 05:34:43,0.99900000,29.20338,s,l
2025-04-16 05:35:06,1.00000000,17.65803,b,m
2025-04-16 05:54:10,0.99900000,49.98480,s,l
2025-04-16 05:55:25,0.99900000,291.41686,s,l
2025-04-16 05:55:59,0.99900000,373.59690,s,l
2025-04-16 05:55:59,0.99900000,199.70374,s,l
2025-04-16 05:58:18,0.99800000,373.77003,s,l
2025-04-16 05:58:18,0.99800000,373.88348,s,l
2025-04-16 05:58:18,0.99800000,373.99698,s,l
2025-04-16 05:58:18,0.99800000,374.11050,s,l
2025-04-16 05:58:18,0.99800000,374.22407,s,l
2025-04-16 05:58:18,0.99800000,374.33766,s,l
2025-04-16 05:58:18,0.99800000,264.53498,s,l
2025-04-16 06:38:40,0.99800000,100.00000,s,l
2025-04-16 13:36:09,1.00050000,5.99515,b,l
2025-04-16 13:36:09,1.00050000,44.02116,b,l
2025-04-16 13:36:09,1.00050000,5.98628,b,l
2025-04-16 13:36:09,1.00050000,49.99999,b,l
2025-04-16 13:36:09,1.00050000,50.01902,b,l
2025-04-16 13:36:09,1.00050000,50.05287,b,l
2025-04-16 15:18:41,1.00050000,28513.92303,b,l
2025-04-16 19:27:15,0.99520000,49.98493,s,l
2025-04-16 19:33:55,0.99900000,141.64717,s,l
2025-04-16 19:33:55,0.99900000,0.14462,s,l
2025-04-16 19:34:26,0.99900000,25.56827,s,l
2025-04-16 19:36:23,0.99900000,28.57586,s,l
2025-04-16 23:27:50,0.99900000,23.35031,s,l
2025-04-16 23:35:28,0.99900000,49.98468,s,l
2025-04-17 00:03:54,1.00050000,50.01538,b,l
2025-04-17 00:24:11,1.00050000,8.78269,b,l
2025-04-17 00:24:11,1.00050000,8.78269,b,l
2025-04-17 00:24:11,1.00050000,41.23271,b,l
2025-04-17 01:45:46,1.00050000,5.00000,b,l
2025-04-17 01:53:11,1.00050000,50.01502,b,l
2025-04-17 02:55:08,1.00050000,17.06615,b,m
2025-04-17 05:37:19,1.00050000,8.80025,b,l
2025-04-17 05:37:21,1.00050000,6.47557,b,l
2025-04-17 05:44:40,1.00050000,50.00000,b,l
2025-04-17 06:47:14,0.99900000,50.00000,s,l
2025-04-17 07:46:24,0.99900000,49.98494,s,l
2025-04-17 07:47:04,1.00050000,5.09745,b,m
2025-04-17 07:47:11,0.99900000,5.09745,s,m
2025-04-17 08:38:45,0.99900000,32.40016,s,l
2025-04-17 09:35:41,1.00050000,96.02368,b,m
2025-04-17 10:08:26,1.00000000,50.00000,b,l
2025-04-17 11:00:37,1.00000000,8.80106,b,l
2025-04-17 11:00:37,1.00000000,8.80106,b,l
2025-04-17 11:00:37,1.00000000,32.39788,b,l
2025-04-17 11:22:43,1.00000000,11.51479,b,m
2025-04-17 11:58:04,1.00000000,9.78848,b,m
2025-04-17 12:11:45,1.00000000,11.31549,b,m
2025-04-17 12:16:42,1.00000000,50.00000,b,l
2025-04-17 12:17:51,0.99950000,50.00000,s,l
2025-04-17 12:19:05,1.00000000,50.00000,b,l
2025-04-17 12:20:18,1.00000000,38.65959,b,l
2025-04-17 13:00:23,0.99950000,16.92345,s,l
2025-04-17 13:05:57,0.99900000,33.07654,s,l
2025-04-17 13:08:24,0.99900000,3546.67027,s,l
2025-04-17 13:08:24,0.99900000,50.00000,s,l
2025-04-17 13:08:24,0.99900000,8.68966,s,l
2025-04-17 13:08:24,0.99900000,50.00000,s,l
2025-04-17 13:08:25,0.99900000,50.00000,s,l
2025-04-17 13:08:25,0.99900000,50.00000,s,l
2025-04-17 13:08:25,0.99900000,50.00000,s,l
2025-04-17 13:08:25,0.99900000,50.00000,s,l
2025-04-17 14:22:30,0.99900000,50.00000,s,l
2025-04-17 14:25:22,0.99950000,41.20490,s,l
2025-04-17 14:32:10,1.00000000,8.79384,b,l
2025-04-17 14:32:10,1.00000000,8.79384,b,l
2025-04-17 14:32:11,1.00000000,23.61721,b,l
2025-04-17 14:49:01,1.00000000,50.01540,b,l
2025-04-17 14:54:58,1.00000000,50.01542,b,l
2025-04-17 14:55:12,1.00000000,50.01543,b,l
2025-04-17 15:02:23,0.99950000,8.81723,s,l
2025-04-17 15:02:28,0.99950000,41.16766,s,l
2025-04-17 15:11:28,0.99950000,8.81102,s,l
2025-04-17 15:11:28,0.99950000,8.81102,s,l
2025-04-17 15:11:28,0.99950000,8.81102,s,l
2025-04-17 15:11:29,0.99950000,23.55188,s,l
2025-04-17 15:20:58,0.99950000,8.80852,s,l
2025-04-17 15:21:47,0.99950000,41.19147,s,l
2025-04-17 15:30:21,0.99950000,50.00000,s,l
2025-04-17 15:50:07,1.00000000,50.01540,b,l
2025-04-17 16:26:26,1.00000000,50.01541,b,l
2025-04-17 16:35:17,1.00000000,50.01542,b,l
2025-04-17 16:42:13,0.99950000,49.98492,s,l
2025-04-17 16:43:58,0.99950000,49.98492,s,l
2025-04-17 16:43:58,0.99950000,50.00000,s,l
2025-04-17 16:43:58,0.99950000,49.98375,s,l
2025-04-17 16:55:45,1.00000000,50.01542,b,l
2025-04-17 18:03:42,0.99950000,49.98492,s,l
2025-04-17 18:46:36,0.99950000,5.96265,s,l
2025-04-17 18:51:08,0.99950000,50.00000,s,l
2025-04-17 20:24:32,1.00000000,1.92397,b,m
2025-04-17 20:24:32,1.00000000,9.86376,b,m
2025-04-17 20:56:47,0.99950000,5.88050,s,m
2025-04-17 20:56:47,0.99950000,95.41176,s,m
2025-04-17 20:56:47,0.99950000,7.61535,s,m
2025-04-17 20:56:47,0.99950000,104.03811,s,m
2025-04-17 20:56:47,1.00000000,7.86514,b,l
2025-04-17 20:56:47,1.00050000,37.25207,b,l
2025-04-17 20:56:52,1.00050000,50.00000,b,l
2025-04-17 20:56:52,1.00050000,49.99950,b,l
2025-04-17 20:56:52,1.00050000,50.00000,b,l
2025-04-17 20:56:52,1.00050000,50.06375,b,l
2025-04-18 00:25:16,0.99950000,49.98456,s,l
2025-04-18 00:55:00,1.00040000,45.11721,b,l
2025-04-18 07:23:28,1.00050000,14.34219,b,m
2025-04-18 09:11:20,1.00050000,27.24559,b,m
2025-04-18 11:32:34,0.99950000,27.51706,s,m
2025-04-18 11:51:50,1.00050000,857.64680,b,l
2025-04-18 11:53:02,1.00000000,6.00677,b,m
2025-04-18 13:41:44,1.00000000,15.84715,b,m
2025-04-18 14:30:45,1.00000000,19.18555,b,m
2025-04-18 14:31:50,1.00000000,9.59566,b,m
2025-04-18 14:32:46,1.00000000,9.59566,b,m
2025-04-18 14:55:12,0.99950000,50.00000,s,l
2025-04-18 16:47:15,1.00000000,13.60505,b,m
2025-04-18 18:20:35,1.00000000,6.62617,b,m
2025-04-18 19:53:02,0.99910000,8.78650,b,l
2025-04-18 19:53:02,0.99910000,41.23067,b,l
2025-04-18 20:05:29,0.99910000,50.01515,b,l
2025-04-18 21:02:24,0.99910000,44.03228,b,m
2025-04-19 00:33:05,0.99900000,104.98426,s,m
2025-04-19 00:56:07,0.99910000,157.60534,b,l
2025-04-19 06:56:03,0.99900000,49.98458,s,l
2025-04-19 08:53:57,0.99900000,49.98461,s,l
2025-04-19 10:34:38,0.99910000,8.78550,b,l
2025-04-19 10:34:38,0.99910000,8.78550,b,l
2025-04-19 10:34:39,0.99910000,8.78550,b,l
2025-04-19 10:34:39,0.99910000,8.78550,b,l
2025-04-19 10:34:40,0.99910000,8.78550,b,l
2025-04-19 10:34:40,0.99910000,6.07249,b,l
2025-04-19 10:41:45,0.99910000,6.17171,b,m
2025-04-19 10:52:29,0.99910000,48.82440,b,l
2025-04-19 11:55:31,0.99900000,6.56322,s,m
2025-04-19 14:44:33,0.99900000,6.33726,s,m
2025-04-19 17:50:55,0.99910000,8.01358,b,m
2025-04-19 17:50:55,0.99910000,2.00925,b,m
2025-04-19 21:09:03,0.99910000,2.99075,b,m
2025-04-19 21:09:03,1.00100000,2.10973,b,m
2025-04-19 21:09:03,1.00100000,55.97792,b,m
2025-04-19 21:09:03,0.99900000,49.98370,s,l
2025-04-19 21:27:25,1.00100000,23.98233,b,m
2025-04-20 11:08:27,0.99900000,95.18066,s,m
2025-04-20 15:47:18,1.00100000,9.58607,b,m
2025-04-20 15:50:51,0.99900000,10.75734,s,m
2025-04-20 15:50:57,1.00100000,50.00000,b,l
2025-04-20 21:29:47,0.99900000,36.28756,s,l
2025-04-20 21:43:20,0.99900000,44.39830,s,l
2025-04-20 21:43:31,0.99900000,8.77070,s,l
2025-04-20 21:43:31,0.99900000,41.21400,s,l
2025-04-20 21:43:43,0.99900000,49.98471,s,l
2025-04-20 21:47:49,0.99900000,49.98470,s,l
2025-04-20 21:50:04,0.99900000,49.98470,s,l
2025-04-20 21:50:14,0.99900000,8.77070,s,l
2025-04-20 21:50:14,0.99900000,8.77070,s,l
2025-04-20 21:50:14,0.99900000,33.02889,s,l
2025-04-20 21:50:27,0.99900000,49.98470,s,l
2025-04-20 21:50:39,0.99900000,39.02362,s,l
2025-04-20 21:50:39,0.99900000,8.77070,s,l
2025-04-20 22:06:39,0.99900000,8.76663,s,l
2025-04-20 22:06:39,0.99900000,8.76663,s,l
2025-04-20 22:06:39,0.99900000,9.61343,s,l
2025-04-20 22:22:49,0.99900000,6.16155,s,l
2025-04-20 22:22:56,0.99900000,8.76448,s,l
2025-04-20 22:22:56,0.99900000,8.76448,s,l
2025-04-20 22:22:56,0.99900000,32.45578,s,l
2025-04-20 22:23:08,0.99900000,49.98388,s,l
2025-04-20 22:23:21,0.99900000,49.98475,s,l
2025-04-20 22:23:33,0.99900000,8.76441,s,l
2025-04-20 22:23:33,0.99900000,8.76441,s,l
2025-04-20 22:23:33,0.99900000,32.45594,s,l
2025-04-20 22:23:46,0.99900000,8.76448,s,l
2025-04-20 22:23:46,0.99900000,8.76448,s,l
2025-04-20 22:23:46,0.99900000,32.45578,s,l
2025-04-20 22:23:58,0.99900000,8.76356,s,l
2025-04-20 22:23:58,0.99900000,8.76356,s,l
2025-04-20 22:23:58,0.99900000,32.45716,s,l
2025-04-20 22:24:11,0.99900000,49.98476,s,l
2025-04-20 22:24:23,0.99900000,49.98432,s,l
2025-04-20 22:24:36,0.99900000,49.98477,s,l
2025-04-20 22:24:43,0.99900000,49.98477,s,l
2025-04-20 22:24:48,0.99900000,49.98389,s,l
2025-04-20 22:24:54,0.99900000,49.98390,s,l
2025-04-20 23:04:57,0.99900000,49.98479,s,l
2025-04-20 23:08:29,0.99900000,49.98479,s,l
2025-04-20 23:08:41,0.99900000,8.75781,s,l
2025-04-20 23:08:41,0.99900000,8.75781,s,l
2025-04-20 23:08:41,0.99900000,32.46829,s,l
2025-04-20 23:08:53,0.99900000,49.98479,s,l
2025-04-20 23:09:09,0.99900000,49.98479,s,l
2025-04-20 23:09:18,0.99900000,49.98479,s,l
2025-04-20 23:09:31,0.99900000,49.98436,s,l
2025-04-20 23:09:43,0.99900000,49.98436,s,l
2025-04-20 23:09:56,0.99900000,49.98436,s,l
2025-04-20 23:10:08,0.99900000,49.98393,s,l
2025-04-20 23:10:21,0.99900000,8.75774,s,l
2025-04-20 23:10:21,0.99900000,8.75774,s,l
2025-04-20 23:10:21,0.99900000,32.46845,s,l
2025-04-20 23:10:33,0.99900000,49.98393,s,l
2025-04-20 23:10:46,0.99900000,49.98436,s,l
2025-04-20 23:16:19,0.99900000,49.98482,s,l
2025-04-20 23:36:37,0.99900000,49.98443,s,l
2025-04-20 23:50:27,0.99900000,49.98491,s,l
2025-04-21 00:31:03,0.99900000,49.98461,s,l
2025-04-21 00:31:13,0.99900000,49.98461,s,l
2025-04-21 00:35:58,0.99900000,49.98378,s,l
2025-04-21 01:42:53,1.00100000,3.96680,b,l
2025-04-21 02:27:57,0.99900000,49.98470,s,l
2025-04-21 02:28:03,0.99900000,583.51819,s,l
2025-04-21 02:28:22,0.99900000,178.68758,s,l
2025-04-21 02:28:22,0.99900000,113.21322,s,l
2025-04-21 02:28:22,0.99900000,114.28261,s,l
2025-04-21 02:28:23,0.99900000,113.44465,s,l
2025-04-21 02:28:23,0.99900000,113.45826,s,l
2025-04-21 02:28:23,0.99900000,119.95461,s,l
2025-04-21 02:28:23,0.99900000,2078.62651,s,l
2025-04-21 02:28:36,0.99800000,119.09641,s,l
2025-04-21 02:51:13,0.99800000,4391.35779,s,l
2025-04-21 02:51:13,0.99800000,148.18513,s,l
2025-04-21 02:51:13,0.99800000,1477.42589,s,l
2025-04-21 02:51:28,0.99800000,49.80062,s,l
2025-04-21 02:51:28,0.99800000,49.98299,s,l
2025-04-21 02:51:29,0.99800000,50.00000,s,l
2025-04-21 02:51:29,0.99800000,49.98387,s,l
2025-04-21 02:51:29,0.99800000,50.00000,s,l
2025-04-21 02:51:29,0.99800000,50.00000,s,l
2025-04-21 02:51:30,0.99800000,50.00000,s,l
2025-04-21 02:51:31,0.99800000,32.71625,s,l
2025-04-21 02:51:37,0.99800000,213.32011,s,l
2025-04-21 02:51:37,0.99800000,213.34424,s,l
2025-04-21 02:51:37,0.99800000,130.01939,s,l
2025-04-21 02:51:39,0.99800000,50.00000,s,l
2025-04-21 03:27:43,0.99800000,35.05823,s,l
2025-04-21 03:27:43,0.99800000,14.92662,s,l
2025-04-21 03:27:43,0.99800000,14.92662,s,l
2025-04-21 03:42:10,0.99800000,20.20639,s,l
2025-04-21 03:42:10,0.99800000,20.48692,s,l
2025-04-21 03:42:10,0.99800000,20.26004,s,l
2025-04-21 05:31:11,0.99800000,42.28903,s,l
2025-04-21 05:31:11,0.99800000,7.71096,s,l
2025-04-21 05:31:11,0.99800000,7.71096,s,l
2025-04-21 05:31:31,0.99800000,49.81289,s,l
2025-04-21 05:31:32,0.99800000,49.85101,s,l
2025-04-21 05:31:32,0.99800000,8.69364,s,l
2025-04-21 05:31:32,0.99800000,41.30636,s,l
2025-04-21 05:31:33,0.99800000,8.69364,s,l
2025-04-21 05:31:33,0.99800000,27.76916,s,l
2025-04-21 05:31:33,0.99800000,13.53720,s,l
2025-04-21 05:31:51,0.99800000,49.86543,s,l
2025-04-21 05:31:51,0.99800000,50.00000,s,l
2025-04-21 05:32:09,0.99800000,49.85321,s,l
2025-04-21 05:32:10,0.99800000,50.00000,s,l
2025-04-21 05:32:10,0.99800000,8.69251,s,l
2025-04-21 05:32:10,0.99800000,27.78476,s,l
2025-04-21 05:32:10,0.99800000,8.69251,s,l
2025-04-21 05:41:50,0.99800000,50.00000,s,l
2025-04-21 05:42:08,0.99800000,50.00000,s,l
2025-04-21 05:42:26,0.99800000,50.00000,s,l
2025-04-21 05:42:44,0.99800000,50.00000,s,l
2025-04-21 05:43:04,0.99800000,50.00000,s,l
2025-04-21 05:43:24,0.99800000,50.00000,s,l
2025-04-21 05:44:14,0.99800000,50.00000,s,l
2025-04-21 05:44:34,0.99800000,50.00000,s,l
2025-04-21 05:44:52,0.99800000,8.69153,s,l
2025-04-21 05:44:52,0.99800000,8.69153,s,l
2025-04-21 05:44:52,0.99800000,32.61693,s,l
2025-04-21 05:45:10,0.99800000,50.00000,s,l
2025-04-21 05:45:28,0.99800000,50.00000,s,l
2025-04-21 05:45:48,0.99800000,50.00000,s,l
2025-04-21 05:46:39,0.99800000,50.00000,s,l
2025-04-21 05:46:57,0.99800000,50.00000,s,l
2025-04-21 05:47:15,0.99800000,50.00000,s,l
2025-04-21 05:47:35,0.99800000,50.00000,s,l
2025-04-21 05:47:55,0.99800000,50.00000,s,l
2025-04-21 05:48:15,0.99800000,50.00000,s,l
2025-04-21 05:49:10,0.99800000,50.00000,s,l
2025-04-21 05:49:28,0.99800000,50.00000,s,l
2025-04-21 05:49:45,0.99800000,50.00000,s,l
2025-04-21 05:50:03,0.99800000,50.00000,s,l
2025-04-21 05:50:21,0.99800000,50.00000,s,l
2025-04-21 05:51:00,0.99800000,50.00000,s,l
2025-04-21 05:51:40,0.99800000,50.00000,s,l
2025-04-21 05:58:29,0.99800000,50.00000,s,l
2025-04-21 05:59:17,0.99800000,50.00000,s,l
2025-04-21 05:59:39,0.99800000,50.00000,s,l
2025-04-21 05:59:57,0.99800000,8.69588,s,l
2025-04-21 05:59:57,0.99800000,41.30411,s,l
2025-04-21 06:00:15,0.99800000,8.69852,s,l
2025-04-21 06:00:15,0.99800000,41.30147,s,l
2025-04-21 06:00:33,0.99800000,50.00000,s,l
2025-04-21 06:00:51,0.99800000,50.00000,s,l
2025-04-21 06:31:19,1.00100000,697.62237,b,l
2025-04-21 07:32:14,0.99800000,50.00000,s,l
2025-04-21 07:32:40,0.99800000,50.00000,s,l
2025-04-21 07:33:39,0.99800000,50.00000,s,l
2025-04-21 07:33:57,0.99800000,50.00000,s,l
2025-04-21 07:34:15,0.99800000,8.69475,s,l
2025-04-21 07:34:15,0.99800000,41.30525,s,l
2025-04-21 07:34:33,0.99800000,8.69686,s,l
2025-04-21 07:34:33,0.99800000,8.69686,s,l
2025-04-21 07:34:33,0.99800000,32.60627,s,l
2025-04-21 07:34:51,0.99800000,50.00000,s,l
2025-04-21 07:35:09,0.99800000,50.00000,s,l
2025-04-21 07:35:33,0.99800000,50.00000,s,l
2025-04-21 07:35:51,0.99800000,8.69490,s,l
2025-04-21 07:35:51,0.99800000,41.30510,s,l
2025-04-21 07:57:54,0.99800000,32.31040,s,l
2025-04-21 07:57:54,0.99800000,170.45256,s,l
2025-04-21 07:57:54,0.99800000,170.48995,s,l
2025-04-21 07:57:54,0.99800000,170.52728,s,l
2025-04-21 07:57:54,0.99800000,485.71708,s,l
2025-04-21 18:15:57,0.99800000,50.00000,s,l
2025-04-22 02:11:36,0.99800000,50.00000,s,l
2025-04-22 02:29:58,0.99800000,50.00000,s,l
2025-04-22 02:57:30,0.99800000,20.56719,s,l
2025-04-22 02:57:30,0.99800000,20.57128,s,l
2025-04-22 02:57:30,0.99800000,8.86153,s,l
2025-04-22 05:26:13,1.00100000,5.63300,b,m
2025-04-22 07:09:41,1.00100000,97.78709,b,m
2025-04-22 11:06:17,0.99800000,20.90549,s,m
2025-04-22 12:14:58,1.00100000,96.87768,b,m
2025-04-22 12:57:33,1.00100000,8.70024,b,l
2025-04-22 12:57:33,1.00100000,8.70024,b,l
2025-04-22 12:57:33,1.00100000,8.70024,b,l
2025-04-22 12:57:33,1.00100000,23.89928,b,l
2025-04-22 12:59:43,1.00100000,7.87984,b,l
2025-04-22 12:59:43,1.00100000,7.88143,b,l
2025-04-22 12:59:43,1.00100000,7.88302,b,l
2025-04-22 12:59:43,1.00100000,7.88461,b,l
2025-04-22 12:59:43,1.00100000,7.88621,b,l
2025-04-22 12:59:43,1.00100000,7.88780,b,l
2025-04-22 13:06:12,1.00100000,5.00000,b,l
2025-04-22 13:06:12,1.00100000,27.27849,b,l
2025-04-22 13:06:12,1.00100000,8.71366,b,l
2025-04-22 13:06:12,1.00100000,14.00784,b,l
2025-04-22 16:00:52,1.00100000,15.19074,b,l
2025-04-22 16:00:52,1.00100000,15.19382,b,l
2025-04-22 16:00:53,1.00100000,15.19691,b,l
2025-04-22 16:00:53,1.00100000,15.19999,b,l
2025-04-22 16:00:53,1.00100000,15.20307,b,l
2025-04-22 16:00:53,1.00100000,15.20616,b,l
2025-04-22 16:00:53,1.00100000,15.20914,b,l
2025-04-22 16:00:53,1.00100000,15.21223,b,l
2025-04-22 16:00:53,1.00100000,8.71607,b,l
2025-04-22 16:00:53,1.00100000,15.21700,b,l
2025-04-22 16:00:53,1.00100000,15.22009,b,l
2025-04-22 16:00:53,1.00100000,15.22317,b,l
2025-04-22 16:00:53,1.00100000,15.22626,b,l
2025-04-22 16:00:53,1.00100000,15.22626,b,l
2025-04-22 16:00:53,1.00100000,8.78534,b,l
2025-04-22 16:20:16,1.00100000,199.44408,b,l
2025-04-22 16:54:53,1.00100000,200.59737,b,l
2025-04-22 16:58:53,0.99820000,97.99999,s,l
2025-04-22 16:58:53,0.99810000,1000.00000,s,l
2025-04-22 16:58:53,0.99800000,206.76036,s,l
2025-04-22 16:58:53,0.99800000,130.58852,s,l
2025-04-22 16:59:05,0.99800000,49.85959,s,l
2025-04-22 16:59:06,0.99800000,50.00000,s,l
2025-04-22 16:59:07,0.99800000,50.00000,s,l
2025-04-22 16:59:29,0.99800000,22.02086,s,l
2025-04-22 17:00:24,0.99800000,4402.57109,s,l
2025-04-22 17:00:27,0.99800000,50.00000,s,l
2025-04-22 17:00:27,0.99800000,50.00000,s,l
2025-04-22 17:00:27,0.99800000,949.48138,s,l
2025-04-22 17:00:27,0.99800000,84.62018,s,l
2025-04-22 17:00:27,0.99800000,50.00000,s,l
2025-04-22 17:01:54,0.99800000,2229.80013,s,l
2025-04-22 17:01:54,0.99800000,570.53439,s,l
2025-04-22 17:01:54,0.99710000,1000.00000,s,l
2025-04-22 17:01:54,0.99700000,63.51751,s,l
2025-04-22 17:01:55,0.99700000,50.00000,s,l
2025-04-22 17:01:56,0.99700000,49.87498,s,l
2025-04-22 17:01:56,0.99700000,50.00000,s,l
2025-04-22 17:02:09,0.99700000,49.59792,s,l
2025-04-22 17:38:59,0.99700000,21.28352,s,m
2025-04-22 17:39:15,0.99700000,21.28352,s,m
2025-04-22 17:53:59,0.99700000,15.21363,s,l
2025-04-22 17:53:59,0.99700000,15.21673,s,l
2025-04-22 17:53:59,0.99700000,15.21982,s,l
2025-04-22 18:19:01,0.99700000,50.00000,s,l
2025-04-22 18:39:42,0.99700000,50.00000,s,l
2025-04-22 18:39:43,0.99700000,50.00000,s,l
2025-04-22 18:39:43,0.99700000,5.09407,s,l
2025-04-22 21:29:04,0.99700000,51.79033,s,m
2025-04-22 21:32:58,1.00100000,42.84299,b,l
2025-04-22 21:32:58,1.00100000,7.15700,b,l
2025-04-22 21:34:40,1.00100000,50.00000,b,l
2025-04-22 21:36:17,1.00100000,50.00000,b,l
2025-04-22 21:37:11,1.00100000,40.54774,b,l
2025-04-22 21:37:11,1.00100000,9.45226,b,l
2025-04-22 21:50:10,1.00100000,49.99950,b,l
2025-04-22 21:50:14,1.00100000,199.56224,b,l
2025-04-22 22:15:09,1.00100000,49.99950,b,l
2025-04-22 22:15:09,1.00100000,50.00000,b,l
2025-04-22 22:15:10,1.00100000,50.01927,b,l
2025-04-22 22:15:10,1.00100000,50.01752,b,l
2025-04-22 22:15:11,1.00100000,50.01665,b,l
2025-04-22 22:15:11,1.00100000,50.01990,b,l
2025-04-22 22:15:12,1.00100000,50.01859,b,l
2025-04-22 22:15:12,1.00100000,50.01509,b,l
2025-04-22 22:15:44,1.00100000,50.00000,b,l
2025-04-22 22:16:51,1.00100000,15.57099,b,l
2025-04-22 22:16:51,1.00100000,50.00000,b,l
2025-04-22 22:24:30,1.00100000,50.00000,b,l
2025-04-22 22:27:10,1.00100000,50.00000,b,l
2025-04-22 22:27:15,1.00100000,10.94870,b,m
2025-04-22 22:27:27,1.00100000,50.01529,b,l
2025-04-22 22:35:11,1.00100000,50.00000,b,l
2025-04-23 00:05:27,0.99700000,50.00000,s,l
2025-04-23 00:31:09,0.99700000,32.29883,s,l
2025-04-23 00:40:15,0.99700000,50.00000,s,l
2025-04-23 00:54:59,0.99700000,49.98496,s,l
2025-04-23 01:00:01,0.99700000,50.00000,s,l
2025-04-23 01:43:57,0.99700000,50.00000,s,l
2025-04-23 01:43:58,0.99700000,50.00000,s,l
2025-04-23 06:02:52,0.99700000,50.00000,s,l
2025-04-23 06:05:08,0.99700000,50.00000,s,l
2025-04-23 07:01:53,0.99700000,6.38165,s,l
2025-04-23 07:30:19,0.99700000,12.59687,s,l
2025-04-23 07:30:19,0.99700000,17.27164,s,l
2025-04-23 07:30:19,0.99700000,17.27514,s,l
2025-04-23 08:02:41,0.99700000,419.27825,s,l
2025-04-23 08:02:41,0.99700000,4434.98313,s,l
2025-04-23 08:02:41,0.99700000,1655.68244,s,l
2025-04-23 08:02:41,0.99700000,1362.29166,s,l
2025-04-23 08:02:41,0.99700000,2304.39383,s,l
2025-04-23 08:02:42,0.99700000,22.69572,s,l
2025-04-23 08:02:42,0.99700000,22.70081,s,l
2025-04-23 08:02:42,0.99700000,50.00000,s,l
2025-04-23 08:02:43,0.99700000,50.00000,s,l
2025-04-23 08:02:43,0.99700000,50.00000,s,l
2025-04-23 08:02:43,0.99700000,50.00000,s,l
2025-04-23 08:02:43,0.99700000,50.00000,s,l
2025-04-23 08:02:43,0.99700000,50.00000,s,l
2025-04-23 08:02:43,0.99700000,50.00000,s,l
2025-04-23 08:02:53,0.99700000,72.14455,s,l
2025-04-23 08:04:36,0.99700000,1903.44610,s,l
2025-04-23 08:04:36,0.99700000,1798.35669,s,l
2025-04-23 08:04:36,0.99700000,1903.29568,s,l
2025-04-23 08:04:36,0.99700000,4434.98313,s,l
2025-04-23 08:04:42,0.99700000,50.00000,s,l
2025-04-23 08:04:42,0.99700000,49.86550,s,l
2025-04-23 08:04:42,0.99700000,50.00000,s,l
2025-04-23 08:04:42,0.99700000,49.79471,s,l
2025-04-23 08:04:42,0.99700000,50.00000,s,l
2025-04-23 08:04:42,0.99700000,50.00000,s,l
2025-04-23 08:04:43,0.99700000,49.68935,s,l
2025-04-23 08:04:43,0.99700000,49.65430,s,l
2025-04-23 08:04:43,0.99700000,50.00000,s,l
2025-04-23 08:04:54,0.99700000,72.44859,s,l
2025-04-23 08:05:58,0.99700000,6271.81130,s,l
2025-04-23 08:05:58,0.99700000,1478.58314,s,l
2025-04-23 08:05:58,0.99610000,1000.00000,s,l
2025-04-23 08:05:58,0.99610000,500.00000,s,l
2025-04-23 08:05:58,0.99600000,1459.54928,s,l
2025-04-23 08:05:58,0.99600000,8.82077,s,l
2025-04-23 08:05:58,0.99600000,33.85020,s,l
2025-04-23 08:05:58,0.99600000,7.32903,s,l
2025-04-23 08:05:59,0.99600000,50.00000,s,l
2025-04-23 08:05:59,0.99600000,49.84427,s,l
2025-04-23 08:05:59,0.99600000,50.00000,s,l
2025-04-23 08:05:59,0.99600000,50.00000,s,l
2025-04-23 08:05:59,0.99600000,50.00000,s,l
2025-04-23 08:05:59,0.99600000,50.00000,s,l
2025-04-23 08:05:59,0.99600000,49.67041,s,l
2025-04-23 08:06:13,0.99600000,77.48965,s,l
2025-04-23 08:06:50,0.99600000,19.57254,s,l
2025-04-23 08:06:50,0.99600000,2203.73288,s,l
2025-04-23 08:06:50,0.99600000,3476.47792,s,l
2025-04-23 08:06:50,0.99600000,4437.73851,s,l
2025-04-23 08:06:57,0.99600000,50.00000,s,l
2025-04-23 08:06:57,0.99600000,49.87338,s,l
2025-04-23 08:06:57,0.99600000,50.00000,s,l
2025-04-23 08:06:57,0.99600000,50.00000,s,l
2025-04-23 08:06:57,0.99600000,50.00000,s,l
2025-04-23 08:06:57,0.99600000,50.00000,s,l
2025-04-23 08:06:57,0.99600000,50.00000,s,l
2025-04-23 08:06:58,0.99600000,50.00000,s,l
2025-04-23 08:06:58,0.99600000,50.00000,s,l
2025-04-23 08:06:58,0.99600000,50.00000,s,l
2025-04-23 08:07:04,0.99600000,71.56722,s,l
2025-04-23 08:22:46,0.99600000,17.22714,s,l
2025-04-23 08:22:46,0.99600000,13.20031,s,l
2025-04-23 08:43:48,0.99600000,50.00000,s,l
2025-04-23 08:51:39,0.99600000,50.00000,s,l
2025-04-23 08:58:27,0.99600000,8.10229,s,l
2025-04-23 09:02:18,0.99600000,41.89753,s,l
2025-04-23 09:16:27,0.99600000,11.93151,s,m
2025-04-23 09:17:47,0.99600000,10.73687,s,l
2025-04-23 09:17:47,0.99600000,10.73836,s,l
2025-04-23 09:17:47,0.99600000,10.73985,s,l
2025-04-23 09:17:47,0.99600000,10.74133,s,l
2025-04-23 09:17:47,0.99600000,7.04359,s,l
2025-04-23 09:17:56,0.99600000,10.74284,s,l
2025-04-23 09:17:56,0.99600000,10.74547,s,l
2025-04-23 09:17:56,0.99600000,10.74809,s,l
2025-04-23 09:17:56,0.99600000,10.75072,s,l
2025-04-23 09:17:56,0.99600000,7.01288,s,l
2025-04-23 09:18:08,0.99600000,8.78673,s,l
2025-04-23 09:18:08,0.99600000,8.78665,s,l
2025-04-23 09:18:08,0.99600000,10.75438,s,l
2025-04-23 09:18:08,0.99600000,10.75578,s,l
2025-04-23 09:18:08,0.99600000,10.75718,s,l
2025-04-23 09:19:58,0.99600000,50.00000,s,l
2025-04-23 09:20:11,0.99600000,50.00000,s,l
2025-04-23 09:20:23,0.99600000,50.00000,s,l
2025-04-23 09:20:36,0.99600000,50.00000,s,l
2025-04-23 09:20:48,0.99600000,50.00000,s,l
2025-04-23 09:21:01,0.99600000,50.00000,s,l
2025-04-23 09:21:13,0.99600000,50.00000,s,l
2025-04-23 09:21:26,0.99600000,50.00000,s,l
2025-04-23 09:21:39,0.99600000,50.00000,s,l
2025-04-23 09:21:51,0.99600000,50.00000,s,l
2025-04-23 09:22:03,0.99600000,50.00000,s,l
2025-04-23 09:22:16,0.99600000,50.00000,s,l
2025-04-23 09:22:16,0.99600000,15.34495,s,l
2025-04-23 09:22:28,0.99600000,50.00000,s,l
2025-04-23 09:22:41,0.99600000,50.00000,s,l
2025-04-23 09:22:53,0.99600000,50.00000,s,l
2025-04-23 09:23:06,0.99600000,50.00000,s,l
2025-04-23 09:23:18,0.99600000,50.00000,s,l
2025-04-23 09:24:18,0.99600000,12.96961,s,l
2025-04-23 09:24:18,0.99600000,12.97329,s,l
2025-04-23 09:24:18,0.99600000,12.97688,s,l
2025-04-23 09:24:18,0.99600000,11.08022,s,l
2025-04-23 09:24:26,0.99600000,12.98353,s,l
2025-04-23 09:24:26,0.99600000,12.98747,s,l
2025-04-23 09:24:26,0.99600000,12.99150,s,l
2025-04-23 09:24:26,0.99600000,11.03749,s,l
2025-04-23 09:24:39,0.99600000,8.78450,s,l
2025-04-23 09:24:39,0.99600000,13.00112,s,l
2025-04-23 09:24:39,0.99600000,8.78450,s,l
2025-04-23 09:24:39,0.99600000,13.00935,s,l
2025-04-23 09:24:39,0.99600000,6.42053,s,l
2025-04-23 09:24:51,0.99600000,8.78504,s,l
2025-04-23 09:24:51,0.99600000,21.77291,s,l
2025-04-23 09:24:51,0.99600000,8.78504,s,l
2025-04-23 09:24:51,0.99600000,10.65700,s,l
2025-04-23 09:25:04,0.99600000,8.78596,s,l
2025-04-23 09:25:04,0.99600000,21.78997,s,l
2025-04-23 09:25:04,0.99600000,19.42407,s,l
2025-04-23 09:25:16,0.99600000,8.78650,s,l
2025-04-23 09:25:16,0.99600000,21.80204,s,l
2025-04-23 09:25:16,0.99600000,8.78650,s,l
2025-04-23 09:25:16,0.99600000,10.62495,s,l
2025-04-23 09:25:29,0.99600000,8.78665,s,l
2025-04-23 09:25:29,0.99600000,21.80992,s,l
2025-04-23 09:25:29,0.99600000,8.78665,s,l
2025-04-23 09:25:29,0.99600000,10.61678,s,l
2025-04-23 09:25:50,0.99600000,8.78696,s,l
2025-04-23 09:25:50,0.99600000,8.78696,s,l
2025-04-23 09:25:50,0.99600000,13.06102,s,l
2025-04-23 09:25:50,0.99600000,13.05921,s,l
2025-04-23 09:25:51,0.99600000,7.42558,s,l
2025-04-23 09:26:00,0.99600000,8.78904,s,l
2025-04-23 09:26:00,0.99600000,13.06564,s,l
2025-04-23 09:26:00,0.99600000,13.06854,s,l
2025-04-23 09:26:00,0.99600000,13.07154,s,l
2025-04-23 09:31:51,0.99600000,50.00000,s,l
2025-04-23 09:31:51,0.99600000,50.00000,s,l
2025-04-23 09:32:01,0.99600000,50.00000,s,l
2025-04-23 09:32:20,0.99600000,50.00000,s,l
2025-04-23 09:32:32,0.99600000,50.00000,s,l
2025-04-23 09:32:44,0.99600000,50.00000,s,l
2025-04-23 09:32:57,0.99600000,50.00000,s,l
2025-04-23 09:33:09,0.99600000,50.00000,s,l
2025-04-23 09:33:22,0.99600000,8.78264,s,l
2025-04-23 09:33:22,0.99600000,8.78264,s,l
2025-04-23 09:33:22,0.99600000,32.43471,s,l
2025-04-23 09:33:34,0.99600000,50.00000,s,l
2025-04-23 09:33:47,0.99600000,50.00000,s,l
2025-04-23 09:33:59,0.99600000,50.00000,s,l
2025-04-23 09:34:12,0.99600000,8.78027,s,l
2025-04-23 09:34:12,0.99600000,41.21972,s,l
2025-04-23 09:34:24,0.99600000,50.00000,s,l
2025-04-23 09:34:37,0.99600000,50.00000,s,l
2025-04-23 09:34:49,0.99600000,8.78020,s,l
2025-04-23 09:34:49,0.99600000,41.21979,s,l
2025-04-23 09:35:02,0.99600000,8.77974,s,l
2025-04-23 09:35:02,0.99600000,41.22026,s,l
2025-04-23 09:35:14,0.99600000,50.00000,s,l
2025-04-23 09:35:27,0.99600000,50.00000,s,l
2025-04-23 09:35:39,0.99600000,50.00000,s,l
2025-04-23 09:35:52,0.99600000,50.00000,s,l
2025-04-23 09:36:04,0.99600000,8.78043,s,l
2025-04-23 09:36:04,0.99600000,8.78043,s,l
2025-04-23 09:36:04,0.99600000,32.43914,s,l
2025-04-23 09:36:17,0.99600000,8.78058,s,l
2025-04-23 09:36:17,0.99600000,8.78058,s,l
2025-04-23 09:36:17,0.99600000,32.43883,s,l
2025-04-23 09:36:49,0.99600000,50.00000,s,l
2025-04-23 09:36:55,0.99600000,189.39286,s,l
2025-04-23 09:37:00,0.99600000,50.00000,s,l
2025-04-23 09:53:24,0.99600000,7.89660,s,l
2025-04-23 09:53:30,0.99600000,7.86015,s,l
2025-04-23 12:31:14,0.99600000,18.82378,s,l
2025-04-23 14:46:42,1.00090000,7.77311,b,l
2025-04-23 14:46:42,1.00090000,7.77709,b,l
2025-04-23 14:46:43,1.00090000,7.78107,b,l
2025-04-23 14:46:43,1.00090000,7.78505,b,l
2025-04-23 14:46:43,1.00090000,7.78893,b,l
2025-04-23 14:46:43,1.00090000,7.79291,b,l
2025-04-23 14:55:57,1.00090000,3.28677,b,l
2025-04-23 14:55:57,1.00100000,32.10090,b,l
2025-04-23 14:55:57,1.00100000,53.30183,b,l
2025-04-23 14:57:37,1.00100000,5.99878,b,l
2025-04-23 14:57:37,1.00100000,5.99997,b,l
2025-04-23 14:57:37,1.00100000,6.00117,b,l
2025-04-23 14:57:37,1.00100000,6.00236,b,l
