timestamp,price,volume,side,type
2026-02-03 02:15:51,0.99990000,5.00000,s,l
2026-02-03 02:16:07,0.99990000,5.00000,s,l
2026-02-03 02:16:09,0.99990000,10.00000,s,l
2026-02-03 02:16:57,0.99990000,3.00000,s,l
2026-02-03 02:17:11,0.99990000,3.00000,s,l
2026-02-03 02:17:12,0.99990000,10.00000,s,l
2026-02-03 02:17:59,0.99990000,2.00000,s,l
2026-02-03 02:18:27,0.99990000,17.82000,s,l
2026-02-03 02:22:36,0.99990000,0.99000,s,l
2026-02-03 02:23:07,0.99990000,0.99000,s,l
2026-02-03 02:26:10,1.00000000,747.34000,b,l
2026-02-03 02:29:02,0.99990000,352.32223,s,l
2026-02-03 02:29:09,0.99990000,9.90000,s,l
2026-02-03 02:29:28,0.99990000,0.99000,s,l
2026-02-03 02:31:24,0.99990000,10.00000,s,l
2026-02-03 02:37:45,0.99990000,20.00000,s,l
2026-02-03 02:38:39,0.99990000,0.99000,s,l
2026-02-03 02:39:52,0.99990000,0.99000,s,l
2026-02-03 02:40:16,0.99990000,0.99000,s,l
2026-02-03 02:40:36,0.99990000,0.99000,s,l
2026-02-03 02:40:50,0.99990000,0.99000,s,l
2026-02-03 02:45:15,0.99990000,2.40000,s,l
2026-02-03 02:45:23,0.99990000,5.00000,s,l
2026-02-03 02:45:30,0.99990000,9.90000,s,l
2026-02-03 02:45:35,0.99990000,1.00000,s,l
2026-02-03 02:45:57,0.99990000,1.00000,s,l
2026-02-03 02:47:20,1.00000000,1880.75000,b,l
2026-02-03 02:48:47,0.99990000,190.34000,s,l
2026-02-03 02:48:57,0.99990000,162.56000,s,l
2026-02-03 02:48:57,0.99990000,200.00000,s,l
2026-02-03 02:48:57,0.99990000,50.00000,s,l
2026-02-03 02:48:58,0.99990000,100.00000,s,l
2026-02-03 02:49:23,0.99990000,1826.07000,s,l
2026-02-03 02:56:25,0.99990000,2.95000,s,l
2026-02-03 02:58:11,0.99990000,50.00000,s,l
2026-02-03 03:00:51,0.99990000,20.00000,s,l
2026-02-03 03:02:24,0.99990000,100.00000,s,l
2026-02-03 03:02:24,0.99990000,492.61000,s,l
2026-02-03 03:03:09,0.99990000,3097.81134,s,m
2026-02-03 03:06:02,1.00000000,83.11000,b,l
2026-02-03 03:07:30,0.99990000,171.74000,s,l
2026-02-03 03:07:47,0.99990000,6.64000,s,l
2026-02-03 03:08:34,0.99990000,7.92000,s,l
2026-02-03 03:08:45,0.99990000,11.00000,s,l
2026-02-03 03:12:14,0.99990000,2.00000,s,l
2026-02-03 03:13:35,0.99990000,3.47000,s,l
2026-02-03 03:15:10,0.99990000,5.00000,s,l
2026-02-03 03:15:19,0.99990000,1.00000,s,l
2026-02-03 03:15:45,0.99990000,1.00000,s,l
2026-02-03 03:16:55,0.99990000,1.00000,s,l
2026-02-03 03:17:52,0.99990000,1.00000,s,l
2026-02-03 03:18:21,0.99990000,3.00000,s,l
2026-02-03 03:18:50,0.99990000,3.00000,s,l
2026-02-03 03:19:20,0.99990000,0.99000,s,l
2026-02-03 03:22:12,0.99990000,492.61000,s,l
2026-02-03 03:22:41,0.99990000,0.99000,s,l
2026-02-03 03:22:58,0.99990000,1.50000,s,l
2026-02-03 03:23:39,0.99990000,50.00000,s,l
2026-02-03 03:23:49,0.99990000,1.00000,s,l
2026-02-03 03:24:06,0.99990000,1.00000,s,l
2026-02-03 03:24:13,0.99990000,1.00000,s,l
2026-02-03 03:25:39,0.99990000,5.00000,s,l
2026-02-03 03:26:21,0.99990000,0.99000,s,l
2026-02-03 03:27:05,0.99990000,10.00000,s,l
2026-02-03 03:27:11,0.99990000,10.00000,s,l
2026-02-03 03:27:36,0.99990000,1.00000,s,l
2026-02-03 03:27:54,0.99990000,1.00000,s,l
2026-02-03 03:28:10,0.99990000,1.00000,s,l
2026-02-03 03:38:34,0.99990000,2.97000,s,l
2026-02-03 03:40:44,0.99990000,1.50000,s,l
2026-02-03 03:41:15,0.99990000,5.00000,s,l
2026-02-03 03:41:49,0.99990000,5.00000,s,l
2026-02-03 03:42:07,0.99990000,5.00000,s,l
2026-02-03 03:42:31,0.99990000,5.00000,s,l
2026-02-03 03:43:03,0.99990000,2.00000,s,l
2026-02-03 03:43:51,0.99990000,5.00000,s,l
2026-02-03 03:44:27,0.99990000,3.00000,s,l
2026-02-03 03:45:26,0.99990000,3.00000,s,l
2026-02-03 03:45:36,0.99990000,20.00000,s,l
2026-02-03 03:45:59,0.99990000,3.00000,s,l
2026-02-03 03:46:16,1.00000000,4.90000,b,l
2026-02-03 03:46:31,0.99990000,3.00000,s,l
2026-02-03 03:47:23,0.99990000,3.00000,s,l
2026-02-03 03:47:37,1.00000000,437.28000,b,l
2026-02-03 03:47:55,0.99990000,3.00000,s,l
2026-02-03 03:48:11,0.99990000,3.00000,s,l
2026-02-03 03:48:49,1.00000000,11.40000,b,l
2026-02-03 03:48:51,0.99990000,5.00000,s,l
2026-02-03 03:53:28,0.99990000,0.99000,s,l
2026-02-03 03:54:11,1.00000000,35.13000,b,l
2026-02-03 03:54:15,0.99990000,82.95000,s,l
2026-02-03 03:56:34,1.00000000,14.93000,b,l
2026-02-03 03:56:45,1.00000000,64.25000,b,l
2026-02-03 03:56:47,0.99990000,5.95000,s,l
2026-02-03 03:56:55,1.00000000,275.27000,b,l
2026-02-03 04:00:48,0.99990000,0.99000,s,l
2026-02-03 04:04:20,0.99990000,49.26000,s,l
2026-02-03 04:07:56,1.00000000,1.23000,b,l
2026-02-03 04:08:19,1.00000000,3.81000,b,l
2026-02-03 04:08:21,0.99990000,49.50000,s,l
2026-02-03 04:08:37,0.99990000,20.00000,s,l
2026-02-03 04:08:49,0.99990000,4.05000,s,l
2026-02-03 04:09:05,0.99990000,9.90000,s,l
2026-02-03 04:09:09,0.99990000,9.00000,s,l
2026-02-03 04:09:41,0.99990000,49.50000,s,l
2026-02-03 04:11:28,0.99990000,20.00000,s,l
2026-02-03 04:11:52,1.00000000,36.65000,b,l
2026-02-03 04:12:45,0.99990000,1.48000,s,l
2026-02-03 04:19:54,0.99990000,880.00000,s,l
2026-02-03 04:21:44,0.99990000,10026.47026,s,l
2026-02-03 04:23:04,0.99990000,0.99000,s,l
2026-02-03 04:23:52,0.99990000,1.98000,s,l
2026-02-03 04:24:07,0.99990000,11.82000,s,l
2026-02-03 04:27:01,0.99990000,3.00000,s,l
2026-02-03 04:28:05,0.99990000,7.92000,s,l
2026-02-03 04:28:50,0.99990000,1.00000,s,l
2026-02-03 04:36:45,0.99990000,2.50000,s,l
2026-02-03 04:41:02,1.00000000,3.29000,b,l
2026-02-03 04:41:21,1.00000000,20.83000,b,l
2026-02-03 04:42:37,0.99990000,500.00000,s,l
2026-02-03 04:47:07,0.99990000,148.51000,s,l
2026-02-03 04:49:32,0.99990000,99.01000,s,l
2026-02-03 04:49:59,0.99990000,99.01000,s,l
2026-02-03 04:55:24,1.00000000,349.25000,b,l
2026-02-03 05:00:00,0.99990000,9.90000,s,l
2026-02-03 05:00:00,0.99990000,10.00000,s,l
2026-02-03 05:00:00,0.99990000,3.96000,s,l
2026-02-03 05:00:00,0.99990000,62.48000,s,l
2026-02-03 05:00:00,0.99990000,2.00000,s,l
2026-02-03 05:00:00,0.99990000,80.33000,s,l
2026-02-03 05:00:00,0.99990000,2.00000,s,l
2026-02-03 05:00:00,0.99990000,6.00000,s,l
2026-02-03 05:00:00,0.99990000,10.00000,s,l
2026-02-03 05:00:00,0.99990000,35.70000,s,l
2026-02-03 05:00:15,0.99990000,10.00000,s,l
2026-02-03 05:00:17,0.99990000,15.00000,s,l
2026-02-03 05:00:20,0.99990000,15.00000,s,l
2026-02-03 05:03:39,0.99990000,1.98000,s,l
2026-02-03 05:05:17,0.99990000,500.00000,s,l
2026-02-03 05:08:27,0.99990000,0.99000,s,l
2026-02-03 05:08:39,0.99990000,1.98000,s,l
2026-02-03 05:12:01,0.99990000,1.73000,s,l
2026-02-03 05:12:18,0.99990000,20.00000,s,l
2026-02-03 05:25:19,0.99990000,9.37000,s,l
2026-02-03 05:27:13,0.99990000,17.82000,s,l
2026-02-03 05:35:00,0.99990000,12.00000,s,l
2026-02-03 05:37:40,0.99990000,2.50000,s,l
2026-02-03 05:37:58,0.99990000,2.50000,s,l
2026-02-03 05:39:06,0.99990000,2.50000,s,l
2026-02-03 05:39:45,0.99990000,5.00000,s,l
2026-02-03 05:41:12,0.99990000,2.50000,s,l
2026-02-03 05:43:53,0.99990000,15.02000,s,l
2026-02-03 05:45:47,0.99990000,2.00000,s,l
2026-02-03 05:48:51,0.99990000,2.00000,s,l
2026-02-03 05:49:12,1.00000000,3000.00000,b,m
2026-02-03 05:52:07,1.00000000,21.99000,b,l
2026-02-03 05:52:45,0.99990000,8.40000,s,l
2026-02-03 05:54:57,0.99990000,1.00000,s,l
2026-02-03 05:55:32,0.99990000,97.54000,s,l
2026-02-03 05:56:28,0.99990000,1.00000,s,l
2026-02-03 05:57:58,1.00000000,1255.37000,b,m
2026-02-03 05:59:07,0.99990000,0.99000,s,l
2026-02-03 05:59:25,0.99990000,0.99000,s,l
2026-02-03 06:00:00,0.99990000,5.00000,s,l
2026-02-03 06:00:55,0.99990000,50.01000,s,l
2026-02-03 06:01:00,0.99990000,4.00000,s,l
2026-02-03 06:01:00,0.99990000,11.00000,s,l
2026-02-03 06:03:00,0.99990000,10.00000,s,l
2026-02-03 06:05:44,0.99990000,19.70000,s,l
2026-02-03 06:07:35,0.99990000,10.00000,s,l
2026-02-03 06:07:36,0.99990000,1105.52764,s,l
2026-02-03 06:07:36,0.99990000,463.76961,s,l
2026-02-03 06:07:36,0.99990000,3.21000,s,l
2026-02-03 06:07:40,0.99990000,18.27000,s,l
2026-02-03 06:12:22,1.00000000,1.82000,b,l
2026-02-03 06:13:16,0.99990000,90.37137,s,m
2026-02-03 06:15:29,0.99990000,0.99000,s,l
2026-02-03 06:19:59,0.99990000,1.75000,s,l
2026-02-03 06:20:09,0.99990000,1.00000,s,l
2026-02-03 06:20:11,0.99990000,2.50000,s,l
2026-02-03 06:20:18,0.99990000,2.50000,s,l
2026-02-03 06:20:34,0.99990000,2.50000,s,l
2026-02-03 06:25:23,0.99990000,4.00000,s,l
2026-02-03 06:29:03,0.99990000,2.99000,s,l
2026-02-03 06:30:02,0.99990000,1.00000,s,l
2026-02-03 06:37:12,0.99990000,18.00000,s,l
2026-02-03 06:37:46,0.99990000,7.00000,s,l
2026-02-03 06:45:24,0.99990000,5.00000,s,l
2026-02-03 06:49:05,0.99990000,0.99000,s,l
2026-02-03 06:49:21,0.99990000,0.99000,s,l
2026-02-03 06:56:12,0.99990000,4.21000,s,l
2026-02-03 07:00:44,0.99990000,22.50000,s,l
2026-02-03 07:02:16,0.99990000,0.99000,s,l
2026-02-03 07:03:51,0.99990000,1.73000,s,l
2026-02-03 07:03:53,0.99990000,0.99000,s,l
2026-02-03 07:03:56,0.99990000,601.17486,s,l
2026-02-03 07:03:56,0.99990000,6.00000,s,l
2026-02-03 07:03:56,0.99990000,360.03600,s,l
2026-02-03 07:03:56,0.99990000,32.78914,s,l
2026-02-03 07:09:45,0.99990000,1.75000,s,l
2026-02-03 07:09:56,0.99990000,25.00000,s,l
2026-02-03 07:10:06,0.99990000,2.35000,s,l
2026-02-03 07:10:21,0.99990000,7.40000,s,l
2026-02-03 07:17:36,0.99990000,10.00000,s,l
2026-02-03 07:18:55,0.99990000,2.72000,s,l
2026-02-03 07:19:55,0.99990000,0.99000,s,l
2026-02-03 07:20:53,0.99990000,2.50000,s,l
2026-02-03 07:30:00,0.99990000,3.00000,s,l
2026-02-03 07:30:16,0.99990000,28.67000,s,l
2026-02-03 07:31:36,0.99990000,25.00000,s,l
2026-02-03 07:32:42,0.99990000,0.99000,s,l
2026-02-03 07:33:09,0.99990000,1.49000,s,l
2026-02-03 07:42:04,0.99990000,10.00000,s,l
2026-02-03 07:42:27,0.99990000,2.97000,s,l
2026-02-03 07:45:23,0.99990000,1.89000,s,l
2026-02-03 07:51:10,0.99990000,5.00000,s,l
2026-02-03 07:52:54,0.99990000,5.00000,s,l
2026-02-03 08:00:19,0.99990000,99.01000,s,l
2026-02-03 08:00:27,0.99990000,10.00000,s,l
2026-02-03 08:16:49,0.99990000,81.51686,s,l
2026-02-03 08:16:49,0.99990000,360.03600,s,l
2026-02-03 08:16:49,0.99990000,148.64234,s,l
2026-02-03 08:16:49,0.99990000,211.39366,s,l
2026-02-03 08:16:49,0.99990000,360.03600,s,l
2026-02-03 08:16:49,0.99990000,360.03600,s,l
2026-02-03 08:16:49,0.99990000,360.03600,s,l
2026-02-03 08:16:49,0.99990000,360.03600,s,l
2026-02-03 08:16:49,0.99990000,360.03600,s,l
2026-02-03 08:16:49,0.99990000,360.03600,s,l
2026-02-03 08:16:49,0.99990000,324.96478,s,l
2026-02-03 08:16:49,0.99990000,35.07122,s,l
2026-02-03 08:16:49,0.99990000,360.03600,s,l
2026-02-03 08:16:49,0.99990000,360.03600,s,l
2026-02-03 08:16:49,0.99990000,360.03600,s,l
2026-02-03 08:16:49,0.99990000,360.03600,s,l
2026-02-03 08:16:49,0.99990000,198.27882,s,l
2026-02-03 08:16:49,0.99990000,161.75718,s,l
2026-02-03 08:16:49,0.99990000,360.03600,s,l
2026-02-03 08:16:49,0.99990000,360.03600,s,l
2026-02-03 08:16:49,0.99990000,360.03600,s,l
2026-02-03 08:16:49,0.99990000,360.03600,s,l
2026-02-03 08:16:49,0.99990000,1231.10250,s,l
2026-02-03 08:16:49,0.99990000,1268.89750,s,l
2026-02-03 08:16:49,0.99990000,360.03600,s,l
2026-02-03 08:16:49,0.99990000,360.03600,s,l
2026-02-03 08:16:49,0.99990000,360.03600,s,l
2026-02-03 08:16:49,0.99990000,360.03600,s,l
2026-02-03 08:16:49,0.99990000,360.03600,s,l
2026-02-03 08:16:49,0.99990000,360.03600,s,l
2026-02-03 08:16:49,0.99990000,360.03600,s,l
2026-02-03 08:16:49,0.99990000,360.03600,s,l
2026-02-03 08:16:49,0.99990000,360.03600,s,l
2026-02-03 08:16:49,0.99990000,360.03600,s,l
2026-02-03 08:16:49,0.99990000,360.03600,s,l
2026-02-03 08:16:49,0.99990000,360.03600,s,l
2026-02-03 08:16:49,0.99990000,91.85848,s,l
2026-02-03 08:16:49,0.99990000,268.17752,s,l
2026-02-03 08:16:49,0.99990000,360.03600,s,l
2026-02-03 08:16:49,0.99990000,360.03600,s,l
2026-02-03 08:16:49,0.99990000,360.03600,s,l
2026-02-03 08:16:49,0.99990000,360.03600,s,l
2026-02-03 08:16:49,0.99990000,360.03600,s,l
2026-02-03 08:16:49,0.99990000,360.03600,s,l
2026-02-03 08:16:49,0.99990000,360.03600,s,l
2026-02-03 08:16:49,0.99990000,360.03600,s,l
2026-02-03 08:16:49,0.99990000,360.03600,s,l
2026-02-03 08:16:49,0.99990000,360.03600,s,l
2026-02-03 08:16:49,0.99990000,360.03600,s,l
2026-02-03 08:16:49,0.99990000,360.03600,s,l
2026-02-03 08:16:49,0.99990000,360.03600,s,l
2026-02-03 08:16:49,0.99990000,87.43167,s,l
2026-02-03 08:16:50,0.99990000,272.60433,s,l
2026-02-03 08:16:50,0.99990000,360.03600,s,l
2026-02-03 08:16:50,0.99990000,360.03600,s,l
2026-02-03 08:16:50,0.99990000,360.03600,s,l
2026-02-03 08:16:50,0.99990000,360.03600,s,l
2026-02-03 08:16:50,0.99990000,360.03600,s,l
2026-02-03 08:16:50,0.99990000,360.03600,s,l
2026-02-03 08:16:50,0.99990000,360.03600,s,l
2026-02-03 08:16:50,0.99990000,360.03600,s,l
2026-02-03 08:16:50,0.99990000,360.03600,s,l
2026-02-03 08:16:50,0.99990000,360.03600,s,l
2026-02-03 08:16:50,0.99990000,1177.03567,s,l
2026-02-03 08:16:50,0.99990000,1322.96433,s,l
2026-02-03 08:16:50,0.99990000,2500.00000,s,l
2026-02-03 08:16:50,0.99990000,1227.03567,s,l
2026-02-03 08:16:50,0.99990000,1272.96433,s,l
2026-02-03 08:16:50,0.99990000,2500.00000,s,l
2026-02-03 08:16:50,0.99990000,1277.03567,s,l
2026-02-03 08:16:50,0.99990000,1222.96433,s,l
2026-02-03 08:16:50,0.99990000,2500.00000,s,l
2026-02-03 08:16:50,0.99990000,1327.03567,s,l
2026-02-03 08:18:01,0.99990000,45.71856,s,l
2026-02-03 08:22:56,0.99990000,4.05000,s,l
2026-02-03 08:25:06,0.99990000,2.00000,s,l
2026-02-03 08:25:22,0.99990000,6.00000,s,l
2026-02-03 08:27:25,0.99990000,0.99000,s,l
2026-02-03 08:30:00,0.99990000,3.00000,s,l
2026-02-03 08:33:00,0.99990000,1.50000,s,l
2026-02-03 08:33:00,0.99990000,4.00000,s,l
2026-02-03 08:33:00,0.99990000,3.00000,s,l
2026-02-03 08:35:54,1.00000000,33.12000,b,l
2026-02-03 08:38:44,0.99990000,100.00000,s,l
2026-02-03 08:42:32,0.99990000,1002.70577,s,l
2026-02-03 08:42:32,0.99990000,2500.00000,s,l
2026-02-03 08:42:32,0.99990000,2500.00000,s,l
2026-02-03 08:42:32,0.99990000,719.00000,s,l
2026-02-03 08:42:32,0.99990000,23135.57423,s,l
2026-02-03 08:50:28,0.99990000,1.98000,s,l
2026-02-03 08:55:29,0.99990000,1.49000,s,l
2026-02-03 09:00:02,0.99990000,0.99000,s,l
2026-02-03 09:00:03,0.99990000,3.00000,s,l
2026-02-03 09:00:04,0.99990000,8.00000,s,l
2026-02-03 09:00:09,0.99990000,4.00000,s,l
2026-02-03 09:00:10,0.99990000,0.99000,s,l
2026-02-03 09:00:13,0.99990000,0.99000,s,l
2026-02-03 09:00:14,0.99990000,5.00000,s,l
2026-02-03 09:00:15,0.99990000,7.00000,s,l
2026-02-03 09:00:18,0.99990000,6.00000,s,l
2026-02-03 09:00:22,0.99990000,0.99000,s,l
2026-02-03 09:00:25,0.99990000,4.00000,s,l
2026-02-03 09:00:30,0.99990000,4.00000,s,l
2026-02-03 09:00:36,0.99990000,3.96000,s,l
2026-02-03 09:00:48,0.99990000,9.00000,s,l
2026-02-03 09:00:48,0.99990000,5.00000,s,l
2026-02-03 09:02:39,0.99990000,1.00000,s,l
2026-02-03 09:03:15,0.99990000,1.00000,s,l
2026-02-03 09:03:49,0.99990000,30.00000,s,l
2026-02-03 09:05:23,0.99990000,1.50000,s,l
2026-02-03 09:08:11,0.99990000,7.92000,s,l
2026-02-03 09:08:23,0.99990000,8.00000,s,l
2026-02-03 09:11:23,0.99990000,2.72000,s,l
2026-02-03 09:11:46,0.99990000,5.00000,s,l
2026-02-03 09:12:05,0.99990000,2.19000,s,l
2026-02-03 09:15:05,0.99990000,1.00000,s,l
2026-02-03 09:15:36,0.99990000,10.00000,s,l
2026-02-03 09:16:10,0.99990000,17.00000,s,l
2026-02-03 09:16:25,0.99990000,10.00000,s,l
2026-02-03 09:21:53,0.99990000,4.95000,s,l
2026-02-03 09:23:13,0.99990000,13.28000,s,l
2026-02-03 09:24:43,0.99990000,1.98000,s,l
2026-02-03 09:27:18,0.99990000,5.18000,s,l
2026-02-03 09:27:30,0.99990000,3.71000,s,l
2026-02-03 09:28:10,0.99990000,5.38000,s,l
2026-02-03 09:28:39,0.99990000,1.98000,s,l
2026-02-03 09:29:06,0.99990000,20.69000,s,l
2026-02-03 09:29:44,0.99990000,2.97000,s,l
2026-02-03 09:29:55,0.99990000,98.52000,s,l
2026-02-03 09:30:00,0.99990000,4.00000,s,l
2026-02-03 09:30:00,0.99990000,4.00000,s,l
2026-02-03 09:30:00,0.99990000,4.00000,s,l
2026-02-03 09:30:00,0.99990000,4.00000,s,l
2026-02-03 09:30:00,0.99990000,25.00000,s,l
2026-02-03 09:30:07,0.99990000,1.00000,s,l
2026-02-03 09:30:07,0.99990000,1.00000,s,l
2026-02-03 09:30:11,0.99990000,1.00000,s,l
2026-02-03 09:30:13,0.99990000,1.98000,s,l
2026-02-03 09:30:35,0.99990000,4.00000,s,l
2026-02-03 09:30:41,0.99990000,4.00000,s,l
2026-02-03 09:30:43,0.99990000,3.00000,s,l
2026-02-03 09:30:55,0.99990000,5.00000,s,l
2026-02-03 09:31:11,0.99990000,1.98000,s,l
2026-02-03 09:33:32,0.99990000,2000.00000,s,m
2026-02-03 09:40:03,0.99990000,1.98000,s,l
2026-02-03 09:40:17,1.00000000,208.89000,b,l
2026-02-03 09:46:45,0.99990000,50.00000,s,l
2026-02-03 09:49:24,1.00000000,1.46000,b,l
2026-02-03 09:53:41,1.00000000,111.35000,b,l
2026-02-03 10:00:00,0.99990000,5.00000,s,l
2026-02-03 10:00:00,0.99990000,2.00000,s,l
2026-02-03 10:00:00,0.99990000,2.00000,s,l
2026-02-03 10:00:38,0.99990000,0.99000,s,l
2026-02-03 10:04:18,0.99990000,26.01000,s,l
2026-02-03 10:05:08,0.99990000,1.00000,s,l
2026-02-03 10:06:39,0.99990000,2.00000,s,l
2026-02-03 10:06:43,1.00000000,1.01000,b,l
2026-02-03 10:10:29,1.00000000,1.14000,b,l
2026-02-03 10:15:11,0.99990000,58.42000,s,l
2026-02-03 10:25:03,0.99990000,5.00000,s,l
2026-02-03 10:33:15,0.99990000,0.99000,s,l
2026-02-03 10:39:41,0.99990000,20.00000,s,l
2026-02-03 10:44:25,0.99990000,25.00000,s,l
2026-02-03 10:44:51,0.99990000,10.00000,s,l
2026-02-03 10:45:04,0.99990000,5.00000,s,l
2026-02-03 10:45:19,0.99990000,15.00000,s,l
2026-02-03 10:45:23,0.99990000,2.00000,s,l
2026-02-03 10:45:27,0.99990000,10.00000,s,l
2026-02-03 10:45:41,0.99990000,1.98000,s,l
2026-02-03 10:46:13,0.99990000,10.00000,s,l
2026-02-03 10:55:26,0.99990000,10.00000,s,l
2026-02-03 10:58:56,0.99990000,6.05000,s,l
2026-02-03 10:59:35,0.99990000,98.52000,s,l
2026-02-03 11:00:10,0.99990000,25.00000,s,l
2026-02-03 11:00:29,0.99990000,0.99000,s,l
2026-02-03 11:01:02,0.99990000,1.00000,s,l
2026-02-03 11:01:53,1.00000000,1.53000,b,l
2026-02-03 11:04:00,0.99990000,5.00000,s,l
2026-02-03 11:20:02,1.00000000,7.26057,b,m
2026-02-03 11:30:40,0.99990000,10.00000,s,l
2026-02-03 11:34:37,0.99990000,0.99000,s,l
2026-02-03 11:36:02,1.00000000,368.59000,b,l
2026-02-03 11:40:19,0.99990000,3.22000,s,l
2026-02-03 11:46:41,0.99990000,50.00000,s,l
2026-02-03 11:49:22,1.00000000,1.22000,b,l
2026-02-03 11:55:12,0.99990000,25.00000,s,l
2026-02-03 11:55:22,1.00000000,6.23000,b,l
2026-02-03 11:56:10,0.99990000,6.63000,s,l
2026-02-03 11:56:31,0.99990000,20.00000,s,l
2026-02-03 12:00:00,0.99990000,5.00000,s,l
2026-02-03 12:00:57,0.99990000,2723.43103,s,l
2026-02-03 12:01:04,1.00000000,1.10000,b,l
2026-02-03 12:02:01,0.99990000,333.33731,s,m
2026-02-03 12:05:00,0.99990000,10.00000,s,l
2026-02-03 12:05:57,0.99990000,1.06000,s,l
2026-02-03 12:06:27,1.00000000,14.54000,b,l
2026-02-03 12:06:59,1.00000000,75.12000,b,l
2026-02-03 12:07:12,0.99990000,1670.00000,s,l
2026-02-03 12:10:57,0.99990000,34.74000,s,l
2026-02-03 12:11:06,0.99990000,2.48000,s,l
2026-02-03 12:11:59,0.99990000,150.12496,s,l
2026-02-03 12:12:24,0.99990000,10.00000,s,l
2026-02-03 12:12:46,0.99990000,2.75000,s,l
2026-02-03 12:18:41,0.99990000,5.00000,s,l
2026-02-03 12:26:52,0.99990000,17.82000,s,l
2026-02-03 12:30:10,0.99990000,19.89000,s,l
2026-02-03 12:30:20,0.99990000,50.00000,s,l
2026-02-03 12:30:39,0.99990000,19.80000,s,l
2026-02-03 12:35:39,0.99990000,99.01000,s,l
2026-02-03 12:40:37,1.00000000,1.42000,b,l
2026-02-03 12:45:58,0.99990000,5.00000,s,l
2026-02-03 12:45:58,0.99990000,4.95000,s,l
2026-02-03 12:47:06,1.00000000,5.28000,b,l
2026-02-03 12:48:55,1.00000000,102.49810,b,m
2026-02-03 12:49:54,1.00000000,303.00000,b,l
2026-02-03 12:55:06,0.99990000,1.71000,s,l
2026-02-03 12:56:15,1.00000000,1.01000,b,l
2026-02-03 13:00:00,0.99990000,2.50000,s,l
2026-02-03 13:03:13,0.99990000,1.25000,s,l
2026-02-03 13:08:08,0.99990000,12.00000,s,l
2026-02-03 13:08:50,0.99990000,1.00000,s,l
2026-02-03 13:08:55,0.99990000,8.00000,s,l
2026-02-03 13:14:07,0.99990000,5.00000,s,l
2026-02-03 13:15:35,1.00000000,1.16000,b,l
2026-02-03 13:15:52,0.99990000,1173.11323,s,l
2026-02-03 13:15:52,0.99990000,1212.06829,s,l
2026-02-03 13:19:30,0.99990000,10.75000,s,l
2026-02-03 13:22:38,0.99990000,10.00000,s,l
2026-02-03 13:23:30,0.99990000,4.95000,s,l
2026-02-03 13:24:01,0.99990000,4.95000,s,l
2026-02-03 13:24:50,0.99990000,0.99000,s,l
2026-02-03 13:26:47,0.99990000,50.00000,s,l
2026-02-03 13:30:51,0.99990000,20.00000,s,l
2026-02-03 13:30:52,0.99990000,2.50000,s,l
2026-02-03 13:31:17,0.99990000,1.00000,s,l
2026-02-03 13:31:42,0.99990000,2.50000,s,l
2026-02-03 13:31:49,0.99990000,19.80000,s,l
2026-02-03 13:32:03,0.99990000,1.00000,s,l
2026-02-03 13:40:49,0.99990000,25.00000,s,l
2026-02-03 13:41:37,0.99990000,20.00000,s,l
2026-02-03 13:42:13,0.99990000,20.00000,s,l
2026-02-03 13:44:15,0.99990000,19.80000,s,l
2026-02-03 13:47:54,0.99990000,100.00000,s,l
2026-02-03 13:48:57,0.99990000,0.99000,s,l
2026-02-03 13:49:18,0.99990000,65.00000,s,l
2026-02-03 13:49:24,0.99990000,70.00000,s,l
2026-02-03 13:49:54,0.99990000,45.00000,s,l
2026-02-03 13:57:12,0.99990000,2.50000,s,l
2026-02-03 13:58:55,0.99990000,2.50000,s,l
2026-02-03 13:59:02,1.00000000,1008.19000,b,l
2026-02-03 14:00:36,0.99990000,4.95000,s,l
2026-02-03 14:00:54,0.99990000,7.50000,s,l
2026-02-03 14:02:21,0.99990000,5.00000,s,l
2026-02-03 14:03:33,0.99990000,1.00000,s,l
2026-02-03 14:03:51,0.99990000,1.00000,s,l
2026-02-03 14:04:08,0.99990000,1.00000,s,l
2026-02-03 14:04:29,0.99990000,1.00000,s,l
2026-02-03 14:04:53,0.99990000,1.00000,s,l
2026-02-03 14:07:18,0.99990000,5.00000,s,l
2026-02-03 14:07:54,1.00000000,1.58000,b,l
2026-02-03 14:08:49,0.99990000,2.33000,s,l
2026-02-03 14:12:45,0.99990000,50.00000,s,l
2026-02-03 14:12:46,0.99990000,3000.30004,s,m
2026-02-03 14:14:49,1.00000000,508.00000,b,l
2026-02-03 14:16:22,0.99990000,508.00000,s,l
2026-02-03 14:16:39,1.00000000,1.69000,b,l
2026-02-03 14:17:46,0.99990000,2.50000,s,l
2026-02-03 14:19:50,0.99990000,5.00000,s,l
2026-02-03 14:23:10,0.99990000,10.00000,s,l
2026-02-03 14:26:26,0.99990000,30.00000,s,l
2026-02-03 14:30:00,0.99990000,50.00000,s,l
2026-02-03 14:30:17,1.00000000,1.12000,b,l
2026-02-03 14:30:26,0.99990000,5.00000,s,l
2026-02-03 14:30:43,1.00000000,554.42000,b,l
2026-02-03 14:32:15,0.99990000,50.00000,s,l
2026-02-03 14:33:17,0.99990000,100.00000,s,l
2026-02-03 14:37:20,1.00000000,3.47000,b,l
2026-02-03 14:37:59,0.99990000,985.22000,s,l
2026-02-03 14:38:03,0.99990000,264.78095,s,m
2026-02-03 14:38:13,0.99990000,30.00000,s,l
2026-02-03 14:39:36,0.99990000,20.00000,s,l
2026-02-03 14:39:42,0.99990000,98.52000,s,l
2026-02-03 14:42:46,0.99990000,50.00000,s,l
2026-02-03 14:43:08,0.99990000,0.99000,s,l
2026-02-03 14:43:10,0.99990000,385.00000,s,l
2026-02-03 14:43:10,0.99990000,124.84184,s,l
2026-02-03 14:43:10,0.99990000,274.85816,s,l
2026-02-03 14:44:14,0.99990000,50.00000,s,l
2026-02-03 14:44:15,1.00000000,188.37000,b,l
2026-02-03 14:44:54,0.99990000,50.00000,s,l
2026-02-03 14:45:57,0.99990000,25.00000,s,l
2026-02-03 14:46:03,0.99990000,50.00000,s,l
2026-02-03 14:46:34,0.99990000,50.00000,s,l
2026-02-03 14:48:11,0.99990000,150.00000,s,l
2026-02-03 14:50:14,0.99990000,4.80000,s,l
2026-02-03 14:51:35,0.99990000,24.00000,s,l
2026-02-03 14:51:58,0.99990000,20.00000,s,l
2026-02-03 14:52:09,0.99990000,502.98000,s,l
2026-02-03 14:52:26,0.99990000,10.00000,s,l
2026-02-03 14:52:27,0.99990000,100.00000,s,l
2026-02-03 14:54:18,0.99990000,192.76000,s,l
2026-02-03 14:54:18,0.99990000,6.90000,s,l
2026-02-03 14:54:18,0.99990000,50.00000,s,l
2026-02-03 14:54:18,0.99990000,10.00000,s,l
2026-02-03 14:54:26,0.99990000,5.00000,s,l
2026-02-03 14:55:09,0.99990000,20.00000,s,l
2026-02-03 14:55:10,1.00000000,1.91000,b,l
2026-02-03 14:55:10,0.99990000,500.00000,s,l
2026-02-03 14:55:10,0.99990000,19.70000,s,l
2026-02-03 14:55:42,0.99990000,250.00000,s,l
2026-02-03 14:55:45,0.99990000,49.26000,s,l
2026-02-03 14:55:46,0.99990000,75.00000,s,l
2026-02-03 14:55:58,0.99990000,3.22000,s,l
2026-02-03 14:56:06,0.99990000,9.90000,s,l
2026-02-03 14:56:59,0.99990000,1.97000,s,l
2026-02-03 14:57:01,0.99990000,76.35000,s,l
2026-02-03 14:57:01,0.99990000,50.00000,s,l
2026-02-03 14:57:32,0.99990000,4.93000,s,l
2026-02-03 14:58:59,0.99990000,200.00000,s,l
2026-02-03 15:00:00,0.99990000,19.80000,s,l
2026-02-03 15:00:00,0.99990000,20.00000,s,l
2026-02-03 15:00:24,0.99990000,9.90000,s,l
2026-02-03 15:00:28,0.99990000,100.00000,s,l
2026-02-03 15:00:34,0.99990000,15.00000,s,l
2026-02-03 15:00:47,0.99990000,4.95000,s,l
2026-02-03 15:01:41,0.99990000,50.00000,s,l
2026-02-03 15:02:04,0.99990000,72.36301,s,m
2026-02-03 15:02:45,0.99990000,0.99000,s,l
2026-02-03 15:05:00,0.99990000,1.00000,s,l
2026-02-03 15:05:56,0.99990000,10.00000,s,l
2026-02-03 15:06:30,0.99990000,9.90000,s,l
2026-02-03 15:08:16,0.99990000,4.00000,s,l
2026-02-03 15:08:30,0.99990000,7.92000,s,l
2026-02-03 15:09:37,0.99990000,50.00000,s,l
2026-02-03 15:09:47,1.00000000,150.00000,b,l
2026-02-03 15:13:30,0.99990000,2.10000,s,l
2026-02-03 15:13:51,0.99990000,1.50000,s,l
2026-02-03 15:14:47,0.99990000,0.99000,s,l
2026-02-03 15:15:43,0.99990000,151.00000,s,l
2026-02-03 15:16:35,0.99990000,1.25000,s,l
2026-02-03 15:17:17,0.99990000,100.00000,s,l
2026-02-03 15:18:48,0.99990000,8.26000,s,l
2026-02-03 15:20:04,1.00000000,8.12000,b,l
2026-02-03 15:20:44,0.99990000,20.00000,s,l
2026-02-03 15:23:32,0.99990000,3.93897,s,l
2026-02-03 15:23:32,0.99990000,46.06103,s,l
2026-02-03 15:27:58,0.99990000,100.00000,s,l
2026-02-03 15:28:27,0.99990000,4.46000,s,l
2026-02-03 15:28:54,0.99990000,10.00000,s,l
2026-02-03 15:30:02,0.99990000,10.00000,s,l
2026-02-03 15:30:24,0.99990000,2.00000,s,l
2026-02-03 15:32:50,0.99990000,25.00000,s,l
2026-02-03 15:32:56,0.99990000,5.00000,s,l
2026-02-03 15:32:56,0.99990000,5.00000,s,l
2026-02-03 15:33:05,0.99990000,10.00000,s,l
2026-02-03 15:33:08,0.99990000,5.00000,s,l
2026-02-03 15:33:20,1.00000000,1.94000,b,l
2026-02-03 15:33:39,0.99990000,5.00000,s,l
2026-02-03 15:34:11,0.99990000,25.00000,s,l
2026-02-03 15:35:04,0.99990000,0.99000,s,l
2026-02-03 15:35:29,0.99990000,50.00000,s,l
2026-02-03 15:35:47,0.99990000,0.99000,s,l
2026-02-03 15:36:05,1.00000000,1052.87000,b,l
2026-02-03 15:37:21,0.99990000,10.00000,s,l
2026-02-03 15:39:06,1.00000000,205.52000,b,m
2026-02-03 15:39:52,1.00000000,2.80000,b,l
2026-02-03 15:41:14,0.99990000,0.99000,s,l
2026-02-03 15:43:06,0.99990000,70.00000,s,l
2026-02-03 15:45:08,0.99990000,200.00000,s,l
2026-02-03 15:45:26,0.99990000,31.66000,s,l
2026-02-03 15:45:33,0.99990000,30.00000,s,l
2026-02-03 15:45:35,0.99990000,101.00000,s,l
2026-02-03 15:45:49,0.99990000,31.66000,s,l
2026-02-03 15:46:25,0.99990000,73.79000,s,l
2026-02-03 15:47:29,1.00000000,138.91000,b,l
2026-02-03 15:49:31,0.99990000,1.98000,s,l
2026-02-03 16:00:24,0.99990000,1.98000,s,l
2026-02-03 16:00:27,0.99990000,25.00000,s,l
2026-02-03 16:00:42,0.99990000,25.00000,s,l
2026-02-03 16:02:54,0.99990000,10.00000,s,l
2026-02-03 16:06:36,0.99990000,620.59278,s,l
2026-02-03 16:06:36,0.99990000,1011.31722,s,l
2026-02-03 16:08:03,0.99990000,10.00000,s,l
2026-02-03 16:08:49,1.00000000,17.87000,b,l
2026-02-03 16:09:46,0.99990000,3.20000,s,l
2026-02-03 16:09:57,0.99990000,1.98000,s,l
2026-02-03 16:12:33,0.99990000,17.82000,s,l
2026-02-03 16:14:31,0.99990000,30.00000,s,l
2026-02-03 16:14:45,0.99990000,100.00000,s,l
2026-02-03 16:15:16,0.99990000,0.99000,s,l
2026-02-03 16:16:37,0.99990000,3289.75000,s,l
2026-02-03 16:17:01,0.99990000,872.03000,s,l
2026-02-03 16:17:42,0.99990000,3074.10000,s,l
2026-02-03 16:18:00,0.99990000,3.71000,s,l
2026-02-03 16:18:19,0.99990000,7.88000,s,l
2026-02-03 16:18:33,1.00000000,10.15000,b,l
2026-02-03 16:20:40,1.00000000,1.32000,b,l
2026-02-03 16:21:09,0.99990000,18.64000,s,l
2026-02-03 16:22:11,0.99990000,2.32000,s,l
2026-02-03 16:22:55,0.99990000,492.61000,s,l
2026-02-03 16:23:59,0.99990000,25.00000,s,l
2026-02-03 16:24:04,0.99990000,2.50000,s,l
2026-02-03 16:24:09,0.99990000,9.85000,s,l
2026-02-03 16:24:09,0.99990000,1000.00000,s,l
2026-02-03 16:24:09,0.99990000,19.70000,s,l
2026-02-03 16:24:09,0.99990000,75.00000,s,l
2026-02-03 16:24:09,0.99990000,125.00000,s,l
2026-02-03 16:24:44,0.99990000,167.51000,s,l
2026-02-03 16:24:55,0.99990000,10.00000,s,l
2026-02-03 16:26:28,1.00000000,2.79000,b,l
2026-02-03 16:28:03,1.00000000,2.63000,b,l
2026-02-03 16:30:00,0.99990000,0.99000,s,l
2026-02-03 16:30:37,0.99990000,50.00000,s,l
2026-02-03 16:30:37,0.99990000,506.79000,s,l
2026-02-03 16:33:04,0.99990000,1.98000,s,l
2026-02-03 16:33:24,0.99990000,25.00000,s,l
2026-02-03 16:33:24,0.99990000,350.00000,s,l
2026-02-03 16:37:55,0.99990000,0.99000,s,l
2026-02-03 16:42:30,1.00000000,1.93000,b,l
2026-02-03 16:43:08,0.99990000,98.52000,s,l
2026-02-03 16:46:29,0.99990000,25.00000,s,l
2026-02-03 16:48:00,0.99990000,15.19000,s,l
2026-02-03 16:48:43,0.99990000,1.49000,s,l
2026-02-03 16:51:06,0.99990000,750.00000,s,l
2026-02-03 16:52:06,0.99990000,0.99000,s,l
2026-02-03 16:58:23,0.99990000,10.00000,s,l
2026-02-03 17:00:00,0.99990000,0.99000,s,l
2026-02-03 17:00:00,0.99990000,0.99000,s,l
2026-02-03 17:00:00,0.99990000,0.99000,s,l
2026-02-03 17:00:00,0.99990000,0.99000,s,l
2026-02-03 17:00:00,0.99990000,0.99000,s,l
2026-02-03 17:00:22,0.99990000,0.99000,s,l
2026-02-03 17:00:25,0.99990000,25.00000,s,l
2026-02-03 17:01:52,1.00000000,183.44000,b,l
2026-02-03 17:02:49,0.99990000,1.00000,s,l
2026-02-03 17:05:56,0.99990000,100.00000,s,l
2026-02-03 17:06:14,0.99990000,2.77000,s,l
2026-02-03 17:06:46,0.99990000,100.00000,s,l
2026-02-03 17:07:11,0.99990000,100.00000,s,l
2026-02-03 17:07:39,0.99990000,123.92000,s,l
2026-02-03 17:09:49,0.99990000,29.56000,s,l
2026-02-03 17:11:42,0.99990000,2.56000,s,l
2026-02-03 17:12:09,0.99990000,20.00000,s,l
2026-02-03 17:13:32,0.99990000,343.39000,s,l
2026-02-03 17:13:32,0.99990000,125.00000,s,l
2026-02-03 17:13:32,0.99990000,0.99000,s,l
2026-02-03 17:13:32,0.99990000,101.00000,s,l
2026-02-03 17:13:32,0.99990000,122.14389,s,l
2026-02-03 17:13:32,0.99990000,877.85611,s,l
2026-02-03 17:13:32,0.99990000,25.00000,s,l
2026-02-03 17:14:12,0.99990000,100.00000,s,l
2026-02-03 17:14:12,0.99990000,25.00000,s,l
2026-02-03 17:14:12,0.99990000,300.00000,s,l
2026-02-03 17:14:12,0.99990000,100.00000,s,l
2026-02-03 17:14:37,0.99990000,25.00000,s,l
2026-02-03 17:14:53,0.99990000,25.00000,s,l
2026-02-03 17:15:12,0.99990000,25.15000,s,l
2026-02-03 17:16:02,0.99990000,3496.99389,s,l
2026-02-03 17:16:02,0.99990000,58.39008,s,l
2026-02-03 17:16:05,0.99990000,24.63000,s,l
2026-02-03 17:16:05,0.99990000,20.00000,s,l
2026-02-03 17:16:06,0.99990000,1493.51602,s,l
2026-02-03 17:16:08,0.99990000,5.00000,s,l
2026-02-03 17:17:35,0.99990000,10001.65305,s,m
2026-02-03 17:18:10,0.99990000,25.00000,s,l
2026-02-03 17:24:01,0.99990000,2.00000,s,l
2026-02-03 17:26:44,0.99990000,4.84000,s,l
2026-02-03 17:28:00,0.99990000,2.00000,s,l
2026-02-03 17:29:30,0.99990000,40.92052,s,m
2026-02-03 17:30:17,0.99990000,421.41026,s,m
2026-02-03 17:30:17,0.99990000,78.63974,s,m
2026-02-03 17:33:00,0.99990000,4.00000,s,l
2026-02-03 17:34:13,0.99990000,17.36026,s,l
2026-02-03 17:34:13,0.99990000,147.80153,s,l
2026-02-03 17:34:34,0.99990000,1787.19847,s,l
2026-02-03 17:34:34,0.99990000,180.00000,s,l
2026-02-03 17:34:34,0.99990000,18.00004,s,l
2026-02-03 17:35:01,1.00000000,8801.24000,b,l
2026-02-03 17:35:13,0.99990000,1.00000,s,l
2026-02-03 17:36:38,0.99990000,20.00000,s,l
2026-02-03 17:37:33,0.99990000,100.00000,s,l
2026-02-03 17:37:55,0.99990000,20.00000,s,l
2026-02-03 17:37:55,0.99990000,68.97000,s,l
2026-02-03 17:37:56,0.99990000,1000.00000,s,l
2026-02-03 17:38:58,0.99990000,50.00000,s,l
2026-02-03 17:40:07,0.99990000,200.00000,s,l
2026-02-03 17:40:08,0.99990000,11.97000,s,l
2026-02-03 17:40:10,0.99990000,280.00000,s,l
2026-02-03 17:40:16,0.99990000,25.00000,s,l
2026-02-03 17:40:24,0.99990000,50.77000,s,l
2026-02-03 17:40:27,0.99990000,213.96174,s,l
2026-02-03 17:40:49,0.99990000,20.00000,s,l
2026-02-03 17:40:57,0.99990000,30.00000,s,l
2026-02-03 17:40:57,0.99990000,2197.54894,s,l
2026-02-03 17:40:57,0.99990000,1340.64406,s,l
2026-02-03 17:40:57,0.99990000,3451.21512,s,l
2026-02-03 17:40:57,0.99990000,560.39188,s,l
2026-02-03 17:40:57,0.99990000,1477.83000,s,l
2026-02-03 17:41:02,0.99990000,19.70000,s,l
2026-02-03 17:41:04,0.99990000,937.08762,s,l
2026-02-03 17:41:04,0.99990000,62.91238,s,l
2026-02-03 17:41:18,0.99990000,4926.11000,s,l
2026-02-03 17:41:58,0.99990000,0.99000,s,l
2026-02-03 17:42:47,0.99990000,300.00000,s,l
2026-02-03 17:43:21,0.99990000,10.00000,s,l
2026-02-03 17:44:06,1.00000000,2.91000,b,l
2026-02-03 17:44:17,0.99990000,25.00000,s,l
2026-02-03 17:45:34,0.99990000,25.00000,s,l
2026-02-03 17:45:52,1.00000000,5.56000,b,l
2026-02-03 17:46:40,0.99990000,1140.26000,s,l
2026-02-03 17:48:38,0.99990000,598.84000,s,l
2026-02-03 17:48:42,0.99990000,29.56000,s,l
2026-02-03 17:49:53,0.99990000,3.65000,s,l
2026-02-03 17:49:55,1.00000000,138.96000,b,l
2026-02-03 17:50:55,1.00000000,20.20000,b,l
2026-02-03 17:51:20,0.99990000,8.19476,s,m
2026-02-03 17:51:35,1.00000000,9.80000,b,l
2026-02-03 17:51:55,1.00000000,9.29000,b,l
2026-02-03 17:52:17,1.00000000,1.41000,b,l
2026-02-03 17:52:43,1.00000000,2.97000,b,l
2026-02-03 17:52:51,1.00000000,11.25000,b,l
2026-02-03 17:53:02,1.00000000,2.02000,b,l
2026-02-03 17:53:08,0.99990000,9.12000,s,l
2026-02-03 17:53:10,0.99990000,0.99000,s,l
2026-02-03 17:53:31,0.99990000,0.99000,s,l
2026-02-03 17:54:09,0.99990000,7.83000,s,l
2026-02-03 17:54:20,1.00000000,2009.91000,b,l
2026-02-03 17:54:30,0.99990000,8.00000,s,l
2026-02-03 17:55:04,0.99990000,5.00000,s,l
2026-02-03 17:55:04,0.99990000,15.04000,s,l
2026-02-03 17:55:06,0.99990000,300.00000,s,l
2026-02-03 17:55:07,0.99990000,10.00000,s,l
2026-02-03 17:55:31,0.99990000,50.00000,s,l
2026-02-03 17:56:09,0.99990000,1.00000,s,l
2026-02-03 17:56:52,0.99990000,5.00000,s,l
2026-02-03 17:58:55,0.99990000,20.00000,s,l
2026-02-03 17:59:41,0.99990000,50.00000,s,l
2026-02-03 17:59:41,0.99990000,20.00000,s,l
2026-02-03 17:59:41,0.99990000,30.00000,s,l
2026-02-03 17:59:41,0.99990000,492.61000,s,l
2026-02-03 17:59:41,0.99990000,25.00000,s,l
2026-02-03 17:59:41,0.99990000,100.00000,s,l
2026-02-03 17:59:54,0.99990000,98.52000,s,l
2026-02-03 17:59:54,0.99990000,898.27000,s,l
2026-02-03 17:59:57,0.99990000,54.19000,s,l
2026-02-03 17:59:58,0.99990000,100.88000,s,l
2026-02-03 18:00:00,0.99990000,4.00000,s,l
2026-02-03 18:00:00,0.99990000,5.00000,s,l
2026-02-03 18:00:05,0.99990000,10.00000,s,l
2026-02-03 18:00:11,0.99990000,17.00000,s,l
2026-02-03 18:00:17,0.99990000,50.00000,s,l
2026-02-03 18:00:18,0.99990000,10.00000,s,l
2026-02-03 18:00:22,0.99990000,3.50000,s,l
2026-02-03 18:00:24,0.99990000,300.00000,s,l
2026-02-03 18:00:27,0.99990000,10.00000,s,l
2026-02-03 18:00:33,0.99990000,10.00000,s,l
2026-02-03 18:00:33,0.99990000,10.00000,s,l
2026-02-03 18:00:48,0.99990000,5.00000,s,l
2026-02-03 18:00:51,0.99990000,17.00000,s,l
2026-02-03 18:00:52,0.99990000,3.50000,s,l
2026-02-03 18:00:53,0.99990000,10.00000,s,l
2026-02-03 18:01:00,0.99990000,5.00000,s,l
2026-02-03 18:01:00,0.99990000,4.00000,s,l
2026-02-03 18:01:11,0.99990000,5.00000,s,l
2026-02-03 18:01:13,0.99990000,5.00000,s,l
2026-02-03 18:02:08,0.99990000,50.00000,s,l
2026-02-03 18:02:44,0.99990000,10.00000,s,l
2026-02-03 18:02:44,0.99990000,40.00000,s,l
2026-02-03 18:02:44,0.99990000,492.61000,s,l
2026-02-03 18:03:01,1.00000000,2.48000,b,l
2026-02-03 18:03:27,0.99990000,5.00000,s,l
2026-02-03 18:03:29,1.00000000,80.98000,b,l
2026-02-03 18:04:11,0.99990000,199.99000,s,l
2026-02-03 18:04:13,0.99990000,100.00000,s,l
2026-02-03 18:05:00,0.99990000,5.00000,s,l
2026-02-03 18:07:00,0.99990000,5.00000,s,l
2026-02-03 18:08:03,0.99990000,2.46000,s,l
2026-02-03 18:08:03,0.99990000,0.99000,s,l
2026-02-03 18:08:03,0.99990000,147.78000,s,l
2026-02-03 18:08:03,0.99990000,50.00000,s,l
2026-02-03 18:08:03,0.99990000,1477.83000,s,l
2026-02-03 18:08:03,0.99990000,1499.49000,s,l
2026-02-03 18:08:03,0.99990000,500.00000,s,l
2026-02-03 18:08:03,0.99990000,25.00000,s,l
2026-02-03 18:08:18,0.99990000,14.25000,s,l
2026-02-03 18:08:40,0.99990000,109.36000,s,l
2026-02-03 18:09:20,0.99990000,2.23000,s,l
2026-02-03 18:12:34,0.99990000,3.96000,s,l
2026-02-03 18:12:46,0.99990000,20.00000,s,l
2026-02-03 18:13:11,0.99990000,50.00000,s,l
2026-02-03 18:13:36,0.99990000,19.70000,s,l
2026-02-03 18:13:45,0.99990000,42.02000,s,l
2026-02-03 18:13:45,0.99990000,33.99000,s,l
2026-02-03 18:13:49,0.99990000,50.00000,s,l
2026-02-03 18:13:49,0.99990000,10.00000,s,l
2026-02-03 18:14:32,0.99990000,1.00000,s,l
2026-02-03 18:14:35,1.00000000,25.05000,b,l
2026-02-03 18:15:00,0.99990000,40.00000,s,l
2026-02-03 18:15:05,0.99990000,30.07000,s,l
2026-02-03 18:15:05,0.99990000,5.00000,s,l
2026-02-03 18:17:28,0.99990000,27.00000,s,l
2026-02-03 18:17:40,0.99990000,400.00000,s,l
2026-02-03 18:17:42,0.99990000,564.83000,s,l
2026-02-03 18:17:42,0.99990000,100.00000,s,l
2026-02-03 18:17:43,0.99990000,1000.00000,s,l
2026-02-03 18:17:43,0.99990000,75.50000,s,l
2026-02-03 18:19:05,0.99990000,30.00000,s,l
2026-02-03 18:19:19,0.99990000,20.00000,s,l
2026-02-03 18:19:19,0.99990000,50.00000,s,l
2026-02-03 18:19:40,0.99990000,29.03000,s,l
2026-02-03 18:19:49,0.99990000,20.00000,s,l
2026-02-03 18:20:00,0.99990000,7.00000,s,l
2026-02-03 18:20:43,0.99990000,28.37000,s,l
2026-02-03 18:20:49,1.00000000,9.62000,b,l
2026-02-03 18:21:29,0.99990000,985.22000,s,l
2026-02-03 18:21:38,0.99990000,1000.00000,s,l
2026-02-03 18:21:39,0.99990000,34.49000,s,l
2026-02-03 18:21:39,0.99990000,28.50000,s,l
2026-02-03 18:21:39,0.99990000,20.00000,s,l
2026-02-03 18:21:39,0.99990000,250.00000,s,l
2026-02-03 18:21:41,0.99990000,50.00000,s,l
2026-02-03 18:21:42,0.99990000,23.04000,s,l
2026-02-03 18:21:42,0.99990000,25.00000,s,l
2026-02-03 18:21:42,0.99990000,0.99000,s,l
2026-02-03 18:21:42,0.99990000,49.26000,s,l
2026-02-03 18:21:42,0.99990000,9.85000,s,l
2026-02-03 18:21:42,0.99990000,7.39000,s,l
2026-02-03 18:21:42,0.99990000,33.99000,s,l
2026-02-03 18:21:42,0.99990000,492.61000,s,l
2026-02-03 18:21:42,0.99990000,30.00000,s,l
2026-02-03 18:21:42,0.99990000,19.70000,s,l
2026-02-03 18:21:42,0.99990000,200.00000,s,l
2026-02-03 18:21:55,0.99990000,24.63000,s,l
2026-02-03 18:21:55,0.99990000,49.26000,s,l
2026-02-03 18:21:55,0.99990000,101.00000,s,l
2026-02-03 18:21:55,0.99990000,985.22000,s,l
2026-02-03 18:21:55,0.99990000,5000.00000,s,l
2026-02-03 18:22:25,0.99990000,5.00000,s,l
2026-02-03 18:22:55,0.99990000,1790.02347,s,l
2026-02-03 18:23:07,0.99990000,1.50000,s,l
2026-02-03 18:24:03,0.99990000,3243.65652,s,l
2026-02-03 18:24:51,0.99990000,10.00000,s,l
2026-02-03 18:25:09,0.99990000,125.00000,s,l
2026-02-03 18:25:22,0.99990000,14.78000,s,l
2026-02-03 18:25:23,0.99990000,46.20000,s,l
2026-02-03 18:25:25,0.99990000,9.85000,s,l
2026-02-03 18:25:25,0.99990000,100.00000,s,l
2026-02-03 18:25:25,0.99990000,14.78000,s,l
2026-02-03 18:25:26,0.99990000,4.95000,s,l
2026-02-03 18:25:28,0.99990000,6.85000,s,l
2026-02-03 18:25:28,0.99990000,75.75000,s,l
2026-02-03 18:25:28,0.99990000,230.96395,s,l
2026-02-03 18:25:28,0.99990000,3226.96269,s,l
2026-02-03 18:25:28,0.99990000,1044.41444,s,l
2026-02-03 18:25:28,0.99990000,431.05892,s,l
2026-02-03 18:25:29,0.99990000,50.00000,s,l
2026-02-03 18:26:12,0.99990000,46.64666,s,l
2026-02-03 18:26:39,0.99990000,7434.41291,s,l
2026-02-03 18:26:51,0.99990000,30.20000,s,l
2026-02-03 18:26:59,0.99990000,76.00000,s,l
2026-02-03 18:27:06,0.99990000,50.00000,s,l
2026-02-03 18:27:07,0.99990000,25.00000,s,l
2026-02-03 18:27:24,0.99990000,1980.20000,s,l
2026-02-03 18:30:17,1.00000000,1264.74000,b,m
2026-02-03 18:31:00,0.99990000,5.00000,s,l
2026-02-03 18:31:49,1.00000000,20.00000,b,m
2026-02-03 18:32:46,0.99990000,133.85774,s,l
2026-02-03 18:32:46,0.99990000,13.92226,s,l
2026-02-03 18:33:04,0.99990000,100.00000,s,l
2026-02-03 18:34:41,0.99990000,500.00000,s,m
2026-02-03 18:37:01,0.99990000,25.00000,s,l
2026-02-03 18:39:45,0.99990000,283.28000,s,l
2026-02-03 18:39:56,0.99990000,10.00000,s,l
2026-02-03 18:40:31,0.99990000,1.00000,s,l
2026-02-03 18:40:31,0.99990000,10.00000,s,l
2026-02-03 18:40:33,0.99990000,13.99000,s,l
2026-02-03 18:40:47,0.99990000,5.94000,s,l
2026-02-03 18:41:26,0.99990000,50.00000,s,l
2026-02-03 18:41:36,0.99990000,0.99000,s,l
2026-02-03 18:42:30,0.99990000,49.26000,s,l
2026-02-03 18:42:39,0.99990000,150.00000,s,l
2026-02-03 18:42:58,0.99990000,23.07000,s,l
2026-02-03 18:43:00,0.99990000,125.00000,s,l
2026-02-03 18:43:00,0.99990000,50.00000,s,l
2026-02-03 18:43:00,0.99990000,101.00000,s,l
2026-02-03 18:43:00,0.99990000,3943.36000,s,l
2026-02-03 18:43:00,0.99990000,135.96000,s,l
2026-02-03 18:43:00,0.99990000,49.26000,s,l
2026-02-03 18:43:00,0.99990000,192.26000,s,l
2026-02-03 18:43:00,0.99990000,492.61000,s,l
2026-02-03 18:43:00,0.99990000,50.00000,s,l
2026-02-03 18:43:00,0.99990000,25.00000,s,l
2026-02-03 18:43:00,0.99990000,1000.00000,s,l
2026-02-03 18:43:07,0.99990000,100.00000,s,l
2026-02-03 18:43:13,0.99990000,25.00000,s,l
2026-02-03 18:43:13,0.99990000,300.00000,s,l
2026-02-03 18:43:21,0.99990000,20.00000,s,l
2026-02-03 18:44:34,0.99990000,75.00000,s,l
2026-02-03 18:44:42,0.99990000,985.22000,s,l
2026-02-03 18:44:43,0.99990000,200.00000,s,l
2026-02-03 18:44:46,0.99990000,4.93000,s,l
2026-02-03 18:45:02,0.99990000,57.00000,s,l
2026-02-03 18:45:23,0.99990000,197.04000,s,l
2026-02-03 18:45:32,0.99990000,267.80000,s,l
2026-02-03 18:45:32,0.99990000,11.87000,s,l
2026-02-03 18:45:32,0.99990000,500.00000,s,l
2026-02-03 18:45:53,0.99990000,36262.48000,s,l
2026-02-03 18:45:56,0.99990000,1114.95000,s,l
2026-02-03 18:46:07,0.99990000,2477.80774,s,l
2026-02-03 18:46:07,0.99990000,1769.09226,s,l
2026-02-03 18:46:07,0.99990000,27.92000,s,l
2026-02-03 18:46:07,0.99990000,16.85000,s,l
2026-02-03 18:46:07,0.99990000,10.00000,s,l
2026-02-03 18:46:08,0.99990000,50.00000,s,l
2026-02-03 18:46:10,0.99990000,100.00000,s,l
2026-02-03 18:46:10,0.99990000,98.52000,s,l
2026-02-03 18:46:10,0.99990000,33.28830,s,l
2026-02-03 18:46:10,0.99990000,43.21170,s,l
2026-02-03 18:46:12,0.99990000,25.00000,s,l
2026-02-03 18:46:33,0.99990000,1000.00000,s,l
2026-02-03 18:46:37,0.99990000,533.47846,s,l
2026-02-03 18:46:37,0.99990000,4392.63154,s,l
2026-02-03 18:46:38,0.99990000,500.00000,s,l
2026-02-03 18:46:45,0.99990000,20.00000,s,l
2026-02-03 18:47:35,0.99990000,20.00000,s,l
2026-02-03 18:48:37,0.99990000,985.22000,s,l
2026-02-03 18:48:37,0.99990000,49.26000,s,l
2026-02-03 18:48:37,0.99990000,500.00000,s,l
2026-02-03 18:50:07,0.99990000,24.63000,s,l
2026-02-03 18:50:27,0.99990000,1070.09188,s,m
2026-02-03 18:51:32,0.99990000,30.00000,s,l
2026-02-03 18:54:09,0.99990000,10.00000,s,l
2026-02-03 18:54:13,0.99990000,1.00000,s,l
2026-02-03 18:54:46,0.99990000,25.00000,s,l
2026-02-03 18:54:49,0.99990000,184.99000,s,l
2026-02-03 18:54:55,0.99990000,10.00000,s,l
2026-02-03 18:54:56,0.99990000,98.52000,s,l
2026-02-03 18:55:23,0.99990000,10.00000,s,l
2026-02-03 18:55:58,0.99990000,1.00000,s,l
2026-02-03 18:56:43,0.99990000,5.00000,s,l
2026-02-03 18:56:45,0.99990000,1.00000,s,l
2026-02-03 18:57:00,0.99990000,2.00000,s,l
2026-02-03 18:57:11,0.99990000,10.00000,s,l
2026-02-03 18:57:42,0.99990000,20.00000,s,l
2026-02-03 18:57:43,0.99990000,1.00000,s,l
2026-02-03 18:58:07,0.99990000,479.06887,s,l
2026-02-03 18:58:07,0.99990000,95.81377,s,l
2026-02-03 18:58:07,0.99990000,19.16274,s,l
2026-02-03 18:58:08,0.99990000,399.22405,s,l
2026-02-03 18:58:08,0.99990000,79.84481,s,l
2026-02-03 18:58:08,0.99990000,15.96895,s,l
2026-02-03 18:58:10,0.99990000,1438.45327,s,l
2026-02-03 18:58:10,0.99990000,1228.09280,s,l
2026-02-03 18:58:10,0.99990000,2653.83694,s,l
2026-02-03 18:58:10,0.99990000,3612.47070,s,l
2026-02-03 18:58:10,0.99990000,722.49416,s,l
2026-02-03 18:58:10,0.99990000,144.49883,s,l
2026-02-03 18:58:10,0.99990000,507.96863,s,l
2026-02-03 18:58:12,0.99990000,62.56766,s,l
2026-02-03 18:58:13,0.99990000,765.43059,s,l
2026-02-03 18:58:13,0.99990000,702.86292,s,l
2026-02-03 18:58:13,0.99990000,1695.07629,s,l
2026-02-03 18:58:13,0.99990000,1886.63018,s,l
2026-02-03 18:58:13,0.99990000,191.71146,s,l
2026-02-03 18:58:13,0.99990000,62.56766,s,l
2026-02-03 18:58:13,0.99990000,2071.94244,s,l
2026-02-03 18:58:15,0.99990000,399.22405,s,l
2026-02-03 18:58:18,0.99990000,140.82950,s,l
2026-02-03 18:58:18,0.99990000,2183.72486,s,l
2026-02-03 18:58:20,0.99990000,399.22405,s,l
2026-02-03 18:58:20,0.99990000,79.84481,s,l
2026-02-03 18:58:20,0.99990000,15.96895,s,l
2026-02-03 18:58:20,0.99990000,4554.96217,s,l
2026-02-03 18:58:21,0.99990000,399.22405,s,l
2026-02-03 18:58:21,0.99990000,399.22405,s,l
2026-02-03 18:58:25,0.99990000,399.22405,s,l
2026-02-03 18:59:09,0.99990000,5.00000,s,l
2026-02-03 18:59:15,0.99990000,10.00000,s,l
2026-02-03 18:59:42,0.99990000,5.00000,s,l
2026-02-03 18:59:59,0.99990000,10.00000,s,l
2026-02-03 19:00:01,0.99990000,100.00000,s,l
2026-02-03 19:00:01,0.99990000,100.00000,s,l
2026-02-03 19:00:01,0.99990000,100.00000,s,l
2026-02-03 19:00:58,1.00000000,507.50000,b,l
2026-02-03 19:01:05,0.99990000,5.00000,s,l
2026-02-03 19:01:28,0.99990000,7.50000,s,l
2026-02-03 19:01:55,0.99990000,3.69000,s,l
2026-02-03 19:01:55,0.99990000,77.00000,s,l
2026-02-03 19:01:55,1.00000000,78.56000,b,l
2026-02-03 19:01:56,0.99990000,197.04000,s,l
2026-02-03 19:02:36,0.99990000,5.00000,s,l
2026-02-03 19:02:46,0.99990000,23457.48442,s,m
2026-02-03 19:02:46,0.99990000,9782.29822,s,m
2026-02-03 19:02:46,0.99990000,2174.09740,s,m
2026-02-03 19:02:46,0.99990000,6426.75267,s,m
2026-02-03 19:02:46,0.99990000,8159.36729,s,m
2026-02-03 19:03:14,0.99990000,5.00000,s,l
2026-02-03 19:03:48,0.99990000,5.00000,s,l
2026-02-03 19:03:52,1.00000000,50.75000,b,l
2026-02-03 19:03:52,1.00000000,507.50000,b,l
2026-02-03 19:04:09,0.99990000,5.00000,s,l
2026-02-03 19:04:31,0.99990000,5.00000,s,l
2026-02-03 19:04:53,1.00000000,406.00000,b,l
2026-02-03 19:04:55,0.99990000,1.00000,s,l
2026-02-03 19:05:13,1.00000000,432.22000,b,l
2026-02-03 19:05:19,0.99990000,5.00000,s,l
2026-02-03 19:05:44,0.99990000,5.00000,s,l
2026-02-03 19:06:06,0.99990000,5.00000,s,l
2026-02-03 19:06:13,0.99990000,1.00000,s,l
2026-02-03 19:07:01,0.99990000,1385.73035,s,l
2026-02-03 19:07:28,0.99990000,5.00000,s,l
2026-02-03 19:07:37,1.00000000,145.21000,b,l
2026-02-03 19:07:49,0.99990000,2.00000,s,l
2026-02-03 19:07:55,0.99990000,2.00000,s,l
2026-02-03 19:08:23,0.99990000,5.00000,s,l
2026-02-03 19:08:58,0.99990000,5.00000,s,l
2026-02-03 19:10:40,1.00000000,10.40000,b,l
2026-02-03 19:12:41,0.99990000,9.90000,s,l
2026-02-03 19:12:43,0.99990000,500.05000,s,m
2026-02-03 19:12:55,0.99990000,2.00000,s,l
2026-02-03 19:13:15,0.99990000,3.00000,s,l
2026-02-03 19:13:36,0.99990000,3.00000,s,l
2026-02-03 19:14:01,0.99990000,3.00000,s,l
2026-02-03 19:14:51,0.99990000,2.00000,s,l
2026-02-03 19:15:01,0.99990000,54.72886,s,l
2026-02-03 19:15:01,0.99990000,29.73780,s,l
2026-02-03 19:15:01,0.99990000,12248.18136,s,l
2026-02-03 19:15:01,0.99990000,26545.17451,s,l
2026-02-03 19:15:01,0.99990000,14647.91276,s,l
2026-02-03 19:15:13,0.99990000,2.00000,s,l
2026-02-03 19:15:20,0.99990000,158.18235,s,l
2026-02-03 19:15:44,0.99990000,5.00000,s,l
2026-02-03 19:16:00,0.99990000,2.00000,s,l
2026-02-03 19:16:21,0.99990000,2.00000,s,l
2026-02-03 19:16:37,0.99990000,2.00000,s,l
2026-02-03 19:16:40,0.99990000,100.00000,s,m
2026-02-03 19:17:08,0.99990000,98.52000,s,l
2026-02-03 19:17:11,0.99990000,2.00000,s,l
2026-02-03 19:17:37,0.99990000,2.00000,s,l
2026-02-03 19:17:56,0.99990000,2.00000,s,l
2026-02-03 19:18:02,1.00000000,1.02000,b,l
2026-02-03 19:18:11,0.99990000,2.00000,s,l
2026-02-03 19:18:30,0.99990000,2.00000,s,l
2026-02-03 19:18:57,0.99990000,2.00000,s,l
2026-02-03 19:18:57,0.99990000,1.00000,s,l
2026-02-03 19:19:20,0.99990000,2.00000,s,l
2026-02-03 19:19:36,0.99990000,17384.73662,s,l
2026-02-03 19:19:36,0.99990000,1431.87318,s,l
2026-02-03 19:19:36,0.99990000,39212.26322,s,l
2026-02-03 19:19:36,0.99990000,202.44824,s,l
2026-02-03 19:19:36,0.99980000,5050.00000,s,l
2026-02-03 19:19:36,0.99980000,900.02323,s,l
2026-02-03 19:19:36,0.99980000,342.73854,s,l
2026-02-03 19:19:36,0.99980000,1649.00000,s,l
2026-02-03 19:19:36,0.99980000,1930.00000,s,l
2026-02-03 19:19:36,0.99980000,6.00000,s,l
2026-02-03 19:19:36,0.99980000,161.26225,s,l
2026-02-03 19:19:36,0.99980000,60.97598,s,l
2026-02-03 19:19:36,0.99980000,164.06902,s,l
2026-02-03 19:19:36,0.99980000,1080.60189,s,l
2026-02-03 19:19:37,0.99980000,1080.60189,s,l
2026-02-03 19:19:40,0.99970000,2.00000,s,l
2026-02-03 19:20:01,0.99980000,57.80164,b,l
2026-02-03 19:20:13,0.99980000,2.00000,s,l
2026-02-03 19:20:13,0.99990000,676.47077,s,l
2026-02-03 19:20:13,0.99990000,12.99090,s,l
2026-02-03 19:20:17,0.99990000,838.97985,s,l
2026-02-03 19:20:22,0.99990000,280.91649,s,l
2026-02-03 19:20:22,0.99990000,509.17418,s,l
2026-02-03 19:20:22,0.99990000,406.19498,s,l
2026-02-03 19:20:27,0.99990000,732.32056,s,l
2026-02-03 19:20:30,0.99980000,2.00000,s,l
2026-02-03 19:20:49,0.99980000,2.00000,s,l
2026-02-03 19:21:06,0.99980000,2.00000,s,l
2026-02-03 19:22:46,0.99980000,263.31000,s,m
2026-02-03 19:25:21,0.99980000,4116.56944,s,l
2026-02-03 19:26:24,0.99990000,30.45000,b,l
2026-02-03 19:27:49,0.99980000,29.56000,s,l
2026-02-03 19:29:18,0.99990000,1336.59000,b,l
2026-02-03 19:30:44,0.99980000,1.49000,s,l
2026-02-03 19:36:32,0.99980000,14.05000,s,l
2026-02-03 19:36:37,0.99990000,21.96000,b,l
2026-02-03 19:36:57,0.99980000,247.05000,s,l
2026-02-03 19:37:02,0.99980000,1.50000,s,l
2026-02-03 19:44:09,0.99980000,20.00000,s,l
2026-02-03 19:45:37,0.99980000,1336.59000,s,l
2026-02-03 19:45:44,0.99980000,25.00000,s,l
2026-02-03 19:46:54,0.99980000,1.00000,s,l
2026-02-03 19:48:46,0.99980000,11930.30866,s,l
2026-02-03 19:48:46,0.99980000,4766.61589,s,l
2026-02-03 19:50:39,0.99990000,541.00000,b,l
2026-02-03 19:50:39,0.99990000,225.04500,b,l
2026-02-03 19:50:39,0.99990000,2830.39733,b,l
2026-02-03 19:50:39,0.99990000,360.03600,b,l
2026-02-03 19:50:39,0.99990000,360.03600,b,l
2026-02-03 19:50:39,0.99990000,360.03600,b,l
2026-02-03 19:50:39,0.99990000,323.54632,b,l
2026-02-03 19:50:40,0.99990000,36.48968,b,l
2026-02-03 19:50:40,0.99990000,360.03600,b,l
2026-02-03 19:50:40,0.99990000,2830.39733,b,l
2026-02-03 19:50:40,0.99990000,360.03600,b,l
2026-02-03 19:50:40,0.99990000,360.03600,b,l
2026-02-03 19:50:40,0.99990000,360.03600,b,l
2026-02-03 19:50:40,0.99990000,360.03600,b,l
2026-02-03 19:50:40,0.99990000,333.02964,b,l
2026-02-03 19:50:42,0.99990000,27.00636,b,l
2026-02-03 19:50:42,0.99990000,2830.39733,b,l
2026-02-03 19:50:42,0.99990000,360.03600,b,l
2026-02-03 19:50:42,0.99990000,360.03600,b,l
2026-02-03 19:50:42,0.99990000,360.03600,b,l
2026-02-03 19:50:42,0.99990000,360.03600,b,l
2026-02-03 19:50:42,0.99990000,360.03600,b,l
2026-02-03 19:50:42,0.99990000,342.51296,b,l
2026-02-03 19:50:43,0.99990000,17.52304,b,l
2026-02-03 19:50:43,0.99990000,360.03600,b,l
2026-02-03 19:50:43,0.99990000,360.03600,b,l
2026-02-03 19:50:43,0.99990000,360.03600,b,l
2026-02-03 19:50:43,0.99990000,360.03600,b,l
2026-02-03 19:50:43,0.99990000,360.03600,b,l
2026-02-03 19:50:43,0.99990000,360.03600,b,l
2026-02-03 19:50:43,0.99990000,2822.35761,b,l
2026-02-03 19:50:44,0.99990000,2830.39733,b,l
2026-02-03 19:50:44,0.99990000,360.03600,b,l
2026-02-03 19:50:44,0.99990000,360.03600,b,l
2026-02-03 19:50:44,0.99990000,360.03600,b,l
2026-02-03 19:50:44,0.99990000,360.03600,b,l
2026-02-03 19:50:44,0.99990000,360.03600,b,l
2026-02-03 19:50:44,0.99990000,360.03600,b,l
2026-02-03 19:50:44,0.99990000,9.48332,b,l
2026-02-03 19:50:45,0.99990000,350.55268,b,l
2026-02-03 19:50:45,0.99990000,360.03600,b,l
2026-02-03 19:50:45,0.99990000,2830.39733,b,l
2026-02-03 19:50:45,0.99990000,360.03600,b,l
2026-02-03 19:50:45,0.99990000,360.03600,b,l
2026-02-03 19:50:45,0.99990000,360.03600,b,l
2026-02-03 19:50:45,0.99990000,360.03600,b,l
2026-02-03 19:50:45,0.99990000,18.96664,b,l
2026-02-03 19:50:45,0.99990000,341.06936,b,l
2026-02-03 19:50:45,0.99990000,360.03600,b,l
2026-02-03 19:50:45,0.99990000,2830.39733,b,l
2026-02-03 19:50:45,0.99990000,360.03600,b,l
2026-02-03 19:50:45,0.99990000,360.03600,b,l
2026-02-03 19:50:45,0.99990000,360.03600,b,l
2026-02-03 19:50:45,0.99990000,360.03600,b,l
2026-02-03 19:50:45,0.99990000,28.44996,b,l
2026-02-03 19:50:46,0.99990000,331.58604,b,l
2026-02-03 19:50:46,0.99990000,2830.39733,b,l
2026-02-03 19:50:46,0.99990000,360.03600,b,l
2026-02-03 19:50:46,0.99990000,360.03600,b,l
2026-02-03 19:50:46,0.99990000,360.03600,b,l
2026-02-03 19:50:46,0.99990000,360.03600,b,l
2026-02-03 19:50:46,0.99990000,360.03600,b,l
2026-02-03 19:50:46,0.99990000,37.93328,b,l
2026-02-03 19:50:47,0.99990000,322.10272,b,l
2026-02-03 19:50:47,0.99990000,360.03600,b,l
2026-02-03 19:50:47,0.99990000,360.03600,b,l
2026-02-03 19:50:47,0.99990000,360.03600,b,l
2026-02-03 19:50:47,0.99990000,360.03600,b,l
2026-02-03 19:50:47,0.99990000,2773.42242,b,l
2026-02-03 19:50:47,0.99990000,360.03600,b,l
2026-02-03 19:50:47,0.99990000,104.39151,b,l
2026-02-03 19:50:48,0.99990000,255.64449,b,l
2026-02-03 19:50:48,0.99990000,360.03600,b,l
2026-02-03 19:50:48,0.99990000,360.03600,b,l
2026-02-03 19:50:48,0.99990000,360.03600,b,l
2026-02-03 19:50:48,0.99990000,360.03600,b,l
2026-02-03 19:50:48,0.99990000,360.03600,b,l
2026-02-03 19:50:48,0.99990000,360.03600,b,l
2026-02-03 19:50:48,0.99990000,2330.51108,b,l
2026-02-03 19:50:48,0.99990000,253.72508,b,l
2026-02-03 19:50:49,0.99990000,106.31092,b,l
2026-02-03 19:50:49,0.99990000,360.03600,b,l
2026-02-03 19:50:49,0.99990000,360.03600,b,l
2026-02-03 19:50:49,0.99990000,360.03600,b,l
2026-02-03 19:50:49,0.99990000,360.03600,b,l
2026-02-03 19:50:49,0.99990000,360.03600,b,l
2026-02-03 19:50:49,0.99990000,360.03600,b,l
2026-02-03 19:50:49,0.99990000,360.03600,b,l
2026-02-03 19:50:49,0.99990000,1958.33166,b,l
2026-02-03 19:50:49,0.99990000,360.03600,b,l
2026-02-03 19:50:49,0.99990000,55.16607,b,l
2026-02-03 19:50:51,0.99990000,304.86993,b,l
2026-02-03 19:50:51,0.99990000,360.03600,b,l
2026-02-03 19:50:51,0.99990000,360.03600,b,l
2026-02-03 19:50:51,0.99990000,360.03600,b,l
2026-02-03 19:50:51,0.99990000,360.03600,b,l
2026-02-03 19:50:51,0.99990000,360.03600,b,l
2026-02-03 19:50:51,0.99990000,360.03600,b,l
2026-02-03 19:50:51,0.99990000,360.03600,b,l
2026-02-03 19:50:51,0.99990000,360.03600,b,l
2026-02-03 19:50:51,0.99990000,360.03600,b,l
2026-02-03 19:50:51,0.99990000,360.03600,b,l
2026-02-03 19:50:51,0.99990000,360.03600,b,l
2026-02-03 19:50:51,0.99990000,360.03600,b,l
2026-02-03 19:50:51,0.99990000,360.03600,b,l
2026-02-03 19:50:51,0.99990000,14.75872,b,l
2026-02-03 19:50:53,0.99990000,345.27728,b,l
2026-02-03 19:50:53,0.99990000,360.03600,b,l
2026-02-03 19:50:53,0.99990000,1645.58884,b,l
2026-02-03 19:50:53,0.99990000,360.03600,b,l
2026-02-03 19:50:53,0.99990000,360.03600,b,l
2026-02-03 19:50:53,0.99990000,360.03600,b,l
2026-02-03 19:50:53,0.99990000,360.03600,b,l
2026-02-03 19:50:53,0.99990000,360.03600,b,l
2026-02-03 19:50:53,0.99990000,360.03600,b,l
2026-02-03 19:50:53,0.99990000,360.03600,b,l
2026-02-03 19:50:53,0.99990000,128.94253,b,l
2026-02-03 19:51:00,0.99980000,1.00000,s,l
2026-02-03 19:58:02,0.99990000,231.09347,b,l
2026-02-03 19:58:02,0.99990000,360.03600,b,l
2026-02-03 19:58:02,0.99990000,360.03600,b,l
2026-02-03 19:58:02,0.99990000,360.03600,b,l
2026-02-03 19:58:02,0.99990000,280.84853,b,l
2026-02-03 19:58:31,0.99990000,2.12000,b,l
2026-02-03 20:00:00,0.99980000,25.00000,s,l
2026-02-03 20:00:06,0.99980000,99.01000,s,l
2026-02-03 20:00:13,0.99990000,77.06747,b,l
2026-02-03 20:00:13,0.99990000,360.03600,b,l
2026-02-03 20:00:13,0.99990000,360.03600,b,l
2026-02-03 20:00:13,0.99990000,1171.08476,b,l
2026-02-03 20:00:13,0.99990000,3031.87242,b,l
2026-02-03 20:05:42,0.99980000,2.00000,s,l
2026-02-03 20:06:11,0.99980000,37.19044,s,l
2026-02-03 20:06:35,0.99980000,30.00000,s,l
2026-02-03 20:07:12,0.99980000,50.00000,s,l
2026-02-03 20:08:52,0.99980000,0.99000,s,l
2026-02-03 20:09:48,0.99980000,1.00000,s,l
2026-02-03 20:11:33,0.99980000,1.68000,s,l
2026-02-03 20:12:09,0.99980000,2.46000,s,l
2026-02-03 20:13:53,0.99980000,2.00000,s,l
2026-02-03 20:15:43,0.99980000,2.00000,s,l
2026-02-03 20:18:15,0.99980000,98.52000,s,l
2026-02-03 20:21:10,0.99990000,52.59000,b,l
2026-02-03 20:21:24,0.99980000,52.07000,s,l
2026-02-03 20:23:25,0.99990000,265.81549,b,l
2026-02-03 20:23:25,0.99990000,95.18451,b,l
2026-02-03 20:24:01,0.99980000,1.45000,s,l
2026-02-03 20:26:09,0.99990000,3125.60854,s,l
2026-02-03 20:27:20,0.99980000,17629.54488,s,l
2026-02-03 20:27:20,0.99980000,1649.00000,s,l
2026-02-03 20:27:20,0.99980000,4446.55931,s,l
2026-02-03 20:27:20,0.99980000,1345.88581,s,l
2026-02-03 20:27:57,0.99990000,1103.22233,b,l
2026-02-03 20:27:57,0.99990000,1346.00000,b,l
2026-02-03 20:28:05,0.99990000,6.54157,s,m
2026-02-03 20:28:19,0.99990000,1.98000,s,l
2026-02-03 20:31:19,0.99990000,6.06289,s,l
2026-02-03 20:31:57,0.99990000,10190.21000,s,l
2026-02-03 20:31:58,1.00000000,930.00000,b,l
2026-02-03 20:34:12,0.99990000,6.00000,s,l
2026-02-03 20:35:23,0.99990000,4.00000,s,l
2026-02-03 20:35:46,0.99990000,5.00000,s,l
2026-02-03 20:36:24,0.99990000,4.00000,s,l
2026-02-03 20:40:06,0.99990000,4.00000,s,l
2026-02-03 20:41:00,1.00000000,1.06000,b,l
2026-02-03 20:42:16,0.99990000,1.53000,s,l
2026-02-03 20:42:56,0.99990000,7083.81820,s,m
2026-02-03 20:49:34,1.00000000,37.47000,b,l
2026-02-03 20:49:41,0.99990000,9.90000,s,l
2026-02-03 20:50:36,0.99990000,30.94000,s,l
2026-02-03 20:51:13,0.99990000,30.94000,s,l
2026-02-03 20:51:53,0.99990000,1924.39146,s,l
2026-02-03 20:51:53,0.99990000,5050.00000,s,l
2026-02-03 20:51:53,0.99990000,5050.00000,s,l
2026-02-03 20:51:53,0.99990000,5050.00000,s,l
2026-02-03 20:51:53,0.99990000,3951.18952,s,l
2026-02-03 20:51:53,0.99990000,1098.81048,s,l
2026-02-03 20:51:54,0.99990000,1350.41444,s,l
2026-02-03 20:51:54,0.99990000,3699.58556,s,l
2026-02-03 20:51:54,0.99990000,1300.41444,s,l
2026-02-03 20:51:54,0.99990000,3749.58556,s,l
2026-02-03 20:51:54,0.99990000,5050.00000,s,l
2026-02-03 20:51:54,0.99990000,5050.00000,s,l
2026-02-03 20:51:54,0.99990000,3465.28592,s,l
2026-02-03 20:51:54,0.99990000,36.70758,s,l
2026-02-03 20:52:09,0.99990000,36.70758,b,l
2026-02-03 20:52:09,0.99990000,631.88753,b,l
2026-02-03 20:52:09,0.99990000,1548.00650,s,l
2026-02-03 20:52:09,0.99990000,5050.00000,s,l
2026-02-03 20:52:10,0.99990000,5050.00000,s,l
2026-02-03 20:52:10,0.99990000,5050.00000,s,l
2026-02-03 20:52:10,0.99990000,5050.00000,s,l
2026-02-03 20:52:10,0.99990000,5050.00000,s,l
2026-02-03 20:52:10,0.99990000,5050.00000,s,l
2026-02-03 20:52:10,0.99990000,5050.00000,s,l
2026-02-03 20:52:10,0.99990000,3298.94494,s,l
2026-02-03 20:52:10,0.99990000,454.18546,s,l
2026-02-03 20:52:23,0.99990000,557.24617,b,l
2026-02-03 20:52:23,0.99990000,454.18546,b,l
2026-02-03 20:52:23,0.99990000,1296.86960,s,l
2026-02-03 20:52:23,0.99990000,5050.00000,s,l
2026-02-03 20:52:23,0.99990000,5050.00000,s,l
2026-02-03 20:52:24,0.99990000,5050.00000,s,l
2026-02-03 20:52:24,0.99990000,5050.00000,s,l
2026-02-03 20:52:24,0.99990000,5050.00000,s,l
2026-02-03 20:52:24,0.99990000,5050.00000,s,l
2026-02-03 20:52:24,0.99990000,3129.26766,s,l
2026-02-03 20:52:25,0.99990000,1920.73234,s,l
2026-02-03 20:52:25,0.99990000,3211.26572,s,l
2026-02-03 20:52:25,0.99990000,682.88252,s,l
2026-02-03 20:52:36,0.99990000,491.12769,b,l
2026-02-03 20:52:36,0.99990000,682.88252,b,l
2026-02-03 20:52:36,0.99990000,1155.85176,s,l
2026-02-03 20:52:36,0.99990000,5050.00000,s,l
2026-02-03 20:52:36,0.99990000,5050.00000,s,l
2026-02-03 20:52:36,0.99990000,5050.00000,s,l
2026-02-03 20:52:36,0.99990000,5050.00000,s,l
2026-02-03 20:52:36,0.99990000,5050.00000,s,l
2026-02-03 20:52:37,0.99990000,5050.00000,s,l
2026-02-03 20:52:37,0.99990000,5050.00000,s,l
2026-02-03 20:52:37,0.99990000,3193.69538,s,l
2026-02-03 20:52:37,0.99990000,830.83585,s,l
2026-02-03 20:52:49,0.99990000,433.06299,b,l
2026-02-03 20:52:49,0.99990000,830.83585,b,l
2026-02-03 20:52:49,0.99990000,1025.46877,s,l
2026-02-03 20:52:49,0.99990000,5050.00000,s,l
2026-02-03 20:52:49,0.99990000,5050.00000,s,l
2026-02-03 20:52:49,0.99990000,5050.00000,s,l
2026-02-03 20:52:49,0.99990000,5050.00000,s,l
2026-02-03 20:52:50,0.99990000,5050.00000,s,l
2026-02-03 20:52:50,0.99990000,5050.00000,s,l
2026-02-03 20:52:50,0.99990000,5050.00000,s,l
2026-02-03 20:52:50,0.99990000,3238.16014,s,l
2026-02-03 20:52:50,0.99990000,104.90515,s,l
2026-02-03 20:53:11,0.99990000,104.90515,b,l
2026-02-03 20:53:11,0.99990000,381.99249,b,l
2026-02-03 20:53:11,0.99990000,5050.00000,s,l
2026-02-03 20:53:11,0.99990000,5050.00000,s,l
2026-02-03 20:53:11,0.99990000,5050.00000,s,l
2026-02-03 20:53:11,0.99990000,5050.00000,s,l
2026-02-03 20:53:11,0.99990000,5050.00000,s,l
2026-02-03 20:53:11,0.99990000,5050.00000,s,l
2026-02-03 20:53:12,0.99990000,5050.00000,s,l
2026-02-03 20:53:12,0.99990000,5044.59050,s,l
2026-02-03 20:53:12,0.99990000,5.40950,s,l
2026-02-03 20:53:12,0.99990000,842.61533,s,l
2026-02-03 20:53:20,0.99980000,21.11419,s,m
2026-02-03 20:53:20,0.99980000,4953.45031,s,m
2026-02-03 20:53:25,0.99990000,848.02483,b,l
2026-02-03 20:53:25,0.99990000,4207.38467,s,l
2026-02-03 20:53:25,0.99990000,5050.00000,s,l
2026-02-03 20:53:25,0.99990000,5050.00000,s,l
2026-02-03 20:53:25,0.99990000,5050.00000,s,l
2026-02-03 20:53:26,0.99990000,5050.00000,s,l
2026-02-03 20:53:26,0.99990000,5050.00000,s,l
2026-02-03 20:53:26,0.99990000,5050.00000,s,l
2026-02-03 20:53:26,0.99990000,5050.00000,s,l
2026-02-03 20:53:26,0.99990000,433.75400,s,l
2026-02-03 20:53:26,0.99990000,46.36505,s,l
2026-02-03 20:53:40,0.99990000,336.85738,b,l
2026-02-03 20:53:40,0.99990000,4523.51590,s,l
2026-02-03 20:53:40,0.99990000,5050.00000,s,l
2026-02-03 20:53:40,0.99990000,5050.00000,s,l
2026-02-03 20:55:41,0.99990000,9967.09252,s,m
2026-02-03 20:57:55,0.99990000,14903.16395,s,m
2026-02-03 21:00:46,0.99990000,2.97000,s,l
2026-02-03 21:01:11,0.99990000,1.00000,s,l
2026-02-03 21:01:52,1.00000000,93.82000,b,l
2026-02-03 21:06:47,0.99990000,3.00000,s,l
2026-02-03 21:07:14,0.99990000,3.00000,s,l
2026-02-03 21:07:33,0.99990000,3.00000,s,l
2026-02-03 21:08:19,0.99990000,1.00000,s,l
2026-02-03 21:08:42,0.99990000,1.00000,s,l
2026-02-03 21:09:21,0.99990000,1.00000,s,l
2026-02-03 21:09:52,0.99990000,1.00000,s,l
2026-02-03 21:10:31,1.00000000,35.00000,b,m
2026-02-03 21:10:39,0.99990000,1.00000,s,l
2026-02-03 21:11:07,0.99990000,2.00000,s,l
2026-02-03 21:12:05,0.99990000,1.00000,s,l
2026-02-03 21:12:21,0.99990000,1.00000,s,l
2026-02-03 21:12:59,0.99990000,1.00000,s,l
2026-02-03 21:13:48,0.99990000,15.00000,s,l
2026-02-03 21:14:02,0.99990000,2.00000,s,l
2026-02-03 21:16:20,0.99990000,7.50000,s,l
2026-02-03 21:20:39,0.99990000,20.00000,s,l
2026-02-03 21:27:13,0.99990000,34.94000,s,l
2026-02-03 21:27:50,1.00000000,50.75000,b,l
2026-02-03 21:29:07,0.99990000,12.00000,s,l
2026-02-03 21:29:12,0.99990000,25.00000,s,l
2026-02-03 21:29:53,0.99990000,6.00000,s,l
2026-02-03 21:30:16,0.99990000,2.00000,s,l
2026-02-03 21:32:17,0.99990000,200.02001,s,m
2026-02-03 21:32:59,0.99990000,1.50000,s,l
2026-02-03 21:33:17,0.99990000,2.00000,s,l
2026-02-03 21:35:00,0.99990000,707.96919,s,l
2026-02-03 21:35:00,0.99990000,2001.69503,s,l
2026-02-03 21:35:00,0.99990000,198.72690,s,l
2026-02-03 21:35:00,0.99990000,2057.53887,s,l
2026-02-03 21:35:00,0.99990000,198.72690,s,l
2026-02-03 21:36:45,0.99990000,2.23000,s,l
2026-02-03 21:37:12,0.99990000,24.63000,s,l
2026-02-03 21:37:22,1.00000000,9.99000,b,l
2026-02-03 21:38:13,0.99990000,24.63000,s,l
2026-02-03 21:42:05,1.00000000,1.45000,b,l
2026-02-03 21:43:13,0.99990000,0.99000,s,l
2026-02-03 21:44:30,0.99990000,2.00000,s,l
2026-02-03 21:45:23,0.99990000,50.00000,s,l
2026-02-03 21:47:47,0.99990000,5.00000,s,l
2026-02-03 21:47:51,1.00000000,24.52000,b,l
2026-02-03 21:48:28,0.99990000,25.00000,s,l
2026-02-03 21:48:50,0.99990000,10.00000,s,l
2026-02-03 21:49:17,0.99990000,10.00000,s,l
2026-02-03 21:49:18,0.99990000,20.00000,s,l
2026-02-03 21:50:13,0.99990000,30.00000,s,l
2026-02-03 21:51:46,0.99990000,10.00000,s,l
2026-02-03 21:52:27,1.00000000,1.15000,b,l
2026-02-03 21:52:28,0.99990000,10290.66848,s,m
2026-02-03 21:52:28,0.99990000,4789.70507,s,m
2026-02-03 21:55:00,0.99990000,2.00000,s,l
2026-02-03 21:55:00,0.99990000,7.00000,s,l
2026-02-03 21:55:00,0.99990000,2.00000,s,l
2026-02-03 21:55:00,0.99990000,2.00000,s,l
2026-02-03 21:55:00,0.99990000,2.00000,s,l
2026-02-03 21:55:00,0.99990000,5.00000,s,l
2026-02-03 21:56:13,0.99990000,0.99000,s,l
2026-02-03 21:59:22,0.99990000,17.50000,s,l
2026-02-03 21:59:51,0.99990000,7.50000,s,l
2026-02-03 22:00:00,0.99990000,15.00000,s,l
2026-02-03 22:01:56,0.99990000,5.26000,s,l
2026-02-03 22:02:10,0.99990000,144.04493,s,l
2026-02-03 22:02:10,0.99990000,2358.20507,s,l
2026-02-03 22:04:16,0.99990000,6.76000,s,l
2026-02-03 22:09:00,0.99990000,30.48000,s,l
2026-02-03 22:09:56,0.99990000,40.00000,s,l
2026-02-03 22:11:40,0.99990000,10.00000,s,l
2026-02-03 22:14:39,1.00000000,22.00570,b,m
2026-02-03 22:18:09,1.00000000,266.51000,b,l
2026-02-03 22:18:12,0.99990000,0.99000,s,l
2026-02-03 22:20:17,0.99990000,990.10000,s,l
2026-02-03 22:26:45,0.99990000,0.99000,s,l
2026-02-03 22:28:29,0.99990000,0.99000,s,l
2026-02-03 22:30:35,0.99990000,4.00000,s,l
2026-02-03 22:30:38,0.99990000,4.00000,s,l
2026-02-03 22:31:00,0.99990000,1.00000,s,l
2026-02-03 22:31:02,0.99990000,2.00000,s,l
2026-02-03 22:31:14,0.99990000,2.27000,s,l
2026-02-03 22:31:20,0.99990000,1.00000,s,l
2026-02-03 22:31:39,0.99990000,3.23000,s,l
2026-02-03 22:31:46,0.99990000,1.00000,s,l
2026-02-03 22:31:58,0.99990000,1.00000,s,l
2026-02-03 22:31:59,0.99990000,4.03000,s,l
2026-02-03 22:32:48,0.99990000,20.00000,s,l
2026-02-03 22:33:27,0.99990000,199.20000,s,l
2026-02-03 22:37:32,0.99990000,100.00000,s,l
2026-02-03 22:37:54,0.99990000,100.00000,s,l
2026-02-03 22:38:09,0.99990000,100.00000,s,l
2026-02-03 22:43:46,0.99990000,5986.84173,s,l
2026-02-03 22:43:46,0.99990000,14904.66046,s,l
2026-02-03 22:43:46,0.99990000,360.03600,s,l
2026-02-03 22:43:46,0.99990000,360.03600,s,l
2026-02-03 22:43:46,0.99990000,360.03600,s,l
2026-02-03 22:43:46,0.99990000,360.03600,s,l
2026-02-03 22:43:46,0.99990000,360.03600,s,l
2026-02-03 22:43:46,0.99990000,360.03600,s,l
2026-02-03 22:43:46,0.99990000,360.03600,s,l
2026-02-03 22:43:46,0.99990000,360.03600,s,l
2026-02-03 22:43:46,0.99990000,360.03600,s,l
2026-02-03 22:43:46,0.99990000,360.03600,s,l
2026-02-03 22:43:46,0.99990000,360.03600,s,l
2026-02-03 22:43:46,0.99990000,360.03600,s,l
2026-02-03 22:43:46,0.99990000,360.03600,s,l
2026-02-03 22:43:46,0.99990000,360.03600,s,l
2026-02-03 22:43:46,0.99990000,360.03600,s,l
2026-02-03 22:43:46,0.99990000,360.03600,s,l
2026-02-03 22:43:46,0.99990000,360.03600,s,l
2026-02-03 22:43:46,0.99990000,360.03600,s,l
2026-02-03 22:43:46,0.99990000,360.03600,s,l
2026-02-03 22:43:46,0.99990000,360.03600,s,l
2026-02-03 22:43:46,0.99990000,360.03600,s,l
2026-02-03 22:43:46,0.99990000,360.03600,s,l
2026-02-03 22:43:46,0.99990000,360.03600,s,l
2026-02-03 22:43:46,0.99990000,360.03600,s,l
2026-02-03 22:43:46,0.99990000,360.03600,s,l
2026-02-03 22:43:46,0.99990000,360.03600,s,l
2026-02-03 22:43:46,0.99990000,360.03600,s,l
2026-02-03 22:43:46,0.99990000,360.03600,s,l
2026-02-03 22:43:46,0.99990000,360.03600,s,l
2026-02-03 22:43:46,0.99990000,360.03600,s,l
2026-02-03 22:43:46,0.99990000,360.03600,s,l
2026-02-03 22:43:46,0.99990000,360.03600,s,l
2026-02-03 22:43:46,0.99990000,360.03600,s,l
2026-02-03 22:43:46,0.99990000,360.03600,s,l
2026-02-03 22:43:46,0.99990000,360.03600,s,l
2026-02-03 22:43:46,0.99990000,360.03600,s,l
2026-02-03 22:43:46,0.99990000,360.03600,s,l
2026-02-03 22:43:46,0.99990000,360.03600,s,l
2026-02-03 22:43:46,0.99990000,360.03600,s,l
2026-02-03 22:43:46,0.99990000,360.03600,s,l
2026-02-03 22:43:46,0.99990000,360.03600,s,l
2026-02-03 22:43:46,0.99990000,360.03600,s,l
2026-02-03 22:43:46,0.99990000,360.03600,s,l
2026-02-03 22:43:46,0.99990000,360.03600,s,l
2026-02-03 22:43:46,0.99990000,360.03600,s,l
2026-02-03 22:43:46,0.99990000,360.03600,s,l
2026-02-03 22:43:46,0.99990000,360.03600,s,l
2026-02-03 22:43:46,0.99990000,360.03600,s,l
2026-02-03 22:43:46,0.99990000,360.03600,s,l
2026-02-03 22:43:46,0.99990000,360.03600,s,l
2026-02-03 22:43:46,0.99990000,360.03600,s,l
2026-02-03 22:43:46,0.99990000,360.03600,s,l
2026-02-03 22:43:46,0.99990000,360.03600,s,l
2026-02-03 22:43:46,0.99990000,360.03600,s,l
2026-02-03 22:43:46,0.99990000,360.03600,s,l
2026-02-03 22:43:46,0.99990000,360.03600,s,l
2026-02-03 22:43:46,0.99990000,360.03600,s,l
2026-02-03 22:43:46,0.99990000,360.03600,s,l
2026-02-03 22:43:46,0.99990000,360.03600,s,l
2026-02-03 22:43:46,0.99990000,360.03600,s,l
2026-02-03 22:43:46,0.99990000,360.03600,s,l
2026-02-03 22:43:46,0.99990000,360.03600,s,l
2026-02-03 22:43:46,0.99990000,360.03600,s,l
2026-02-03 22:43:46,0.99990000,360.03600,s,l
2026-02-03 22:43:46,0.99990000,360.03600,s,l
2026-02-03 22:43:46,0.99990000,360.03600,s,l
2026-02-03 22:43:46,0.99990000,360.03600,s,l
2026-02-03 22:43:46,0.99990000,360.03600,s,l
2026-02-03 22:43:46,0.99990000,360.03600,s,l
2026-02-03 22:43:46,0.99990000,360.03600,s,l
2026-02-03 22:43:46,0.99990000,360.03600,s,l
2026-02-03 22:43:46,0.99990000,360.03600,s,l
2026-02-03 22:43:46,0.99990000,360.03600,s,l
2026-02-03 22:43:46,0.99990000,360.03600,s,l
2026-02-03 22:43:46,0.99990000,360.03600,s,l
2026-02-03 22:43:46,0.99990000,360.03600,s,l
2026-02-03 22:43:46,0.99990000,360.03600,s,l
2026-02-03 22:43:46,0.99990000,360.03600,s,l
2026-02-03 22:43:46,0.99990000,360.03600,s,l
2026-02-03 22:43:46,0.99990000,360.03600,s,l
2026-02-03 22:43:46,0.99990000,360.03600,s,l
2026-02-03 22:43:46,0.99990000,360.03600,s,l
2026-02-03 22:43:46,0.99990000,360.03600,s,l
2026-02-03 22:43:46,0.99990000,360.03600,s,l
2026-02-03 22:43:46,0.99990000,360.03600,s,l
2026-02-03 22:43:46,0.99990000,360.03600,s,l
2026-02-03 22:43:46,0.99990000,360.03600,s,l
2026-02-03 22:43:46,0.99990000,360.03600,s,l
2026-02-03 22:43:46,0.99990000,360.03600,s,l
2026-02-03 22:43:46,0.99990000,360.03600,s,l
2026-02-03 22:43:46,0.99990000,360.03600,s,l
2026-02-03 22:43:46,0.99990000,360.03600,s,l
2026-02-03 22:43:46,0.99990000,360.03600,s,l
2026-02-03 22:43:46,0.99990000,360.03600,s,l
2026-02-03 22:43:46,0.99990000,360.03600,s,l
2026-02-03 22:43:46,0.99990000,360.03600,s,l
2026-02-03 22:43:46,0.99990000,360.03600,s,l
2026-02-03 22:43:46,0.99990000,360.03600,s,l
2026-02-03 22:43:46,0.99990000,5516.13161,s,l
2026-02-03 22:43:46,0.99990000,10506.20062,s,l
2026-02-03 22:43:46,0.99990000,2358.44584,s,l
2026-02-03 22:43:46,0.99990000,5000.09665,b,l
2026-02-03 22:43:47,0.99990000,5000.09665,b,l
2026-02-03 22:43:47,0.99990000,5000.09665,b,l
2026-02-03 22:43:48,0.99990000,5000.09665,b,l
2026-02-03 22:43:48,0.99990000,5000.09665,b,l
2026-02-03 22:43:48,0.99990000,5000.09665,b,l
2026-02-03 22:43:49,0.99990000,5000.09665,b,l
2026-02-03 22:43:49,0.99990000,5000.09665,b,l
2026-02-03 22:43:50,0.99990000,5000.09665,b,l
2026-02-03 22:43:50,0.99990000,5000.09665,b,l
2026-02-03 22:43:51,0.99990000,5000.09665,b,l
2026-02-03 22:43:51,0.99990000,5000.09665,b,l
2026-02-03 22:43:52,0.99990000,5000.09665,b,l
2026-02-03 22:43:52,0.99990000,5000.09665,b,l
2026-02-03 22:43:53,0.99990000,5000.09665,b,l
2026-02-03 22:43:53,0.99990000,5000.09665,b,l
2026-02-03 22:43:54,0.99990000,5000.09665,b,l
2026-02-03 22:43:54,0.99990000,5000.09665,b,l
2026-02-03 22:43:55,0.99990000,5000.09665,b,l
2026-02-03 22:43:55,0.99990000,5000.09665,b,l
2026-02-03 22:43:56,0.99990000,5000.09665,b,l
2026-02-03 22:43:56,0.99990000,5000.09665,b,l
2026-02-03 22:43:57,0.99990000,5000.09665,b,l
2026-02-03 22:43:57,0.99990000,5000.09665,b,l
2026-02-03 22:43:58,0.99990000,5000.09665,b,l
2026-02-03 22:43:58,0.99990000,5000.09665,b,l
2026-02-03 22:43:59,0.99990000,5000.09665,b,l
2026-02-03 22:43:59,0.99990000,5000.09665,b,l
2026-02-03 22:43:59,0.99990000,5000.09665,b,l
2026-02-03 22:44:00,0.99990000,5000.09665,b,l
2026-02-03 22:44:00,0.99990000,5000.09665,b,l
2026-02-03 22:44:01,0.99990000,5000.09665,b,l
2026-02-03 22:44:01,0.99990000,5000.09665,b,l
2026-02-03 22:44:01,0.99990000,5000.09665,b,l
2026-02-03 22:44:01,0.99990000,1000.00000,b,l
2026-02-03 22:44:02,0.99990000,5000.09665,b,l
2026-02-03 22:44:02,0.99990000,5000.09665,b,l
2026-02-03 22:44:03,0.99990000,5000.09665,b,l
2026-02-03 22:44:03,0.99990000,5000.09665,b,l
2026-02-03 22:44:04,0.99990000,5000.09665,b,l
2026-02-03 22:44:04,0.99990000,5000.09665,b,l
2026-02-03 22:44:05,0.99990000,5000.09665,b,l
2026-02-03 22:44:05,0.99990000,5000.09665,b,l
2026-02-03 22:44:06,0.99990000,5000.09665,b,l
2026-02-03 22:44:06,0.99990000,5000.09665,b,l
2026-02-03 22:44:07,0.99990000,5000.09665,b,l
2026-02-03 22:44:07,0.99990000,5000.09665,b,l
2026-02-03 22:44:08,0.99990000,5000.09665,b,l
2026-02-03 22:44:08,0.99990000,5000.09665,b,l
2026-02-03 22:44:09,0.99990000,5000.09665,b,l
2026-02-03 22:44:09,0.99990000,5000.09665,b,l
2026-02-03 22:44:10,0.99990000,5000.09665,b,l
2026-02-03 22:44:10,0.99990000,5000.09665,b,l
2026-02-03 22:44:11,0.99990000,5000.09665,b,l
2026-02-03 22:44:11,0.99990000,5000.09665,b,l
2026-02-03 22:44:12,0.99990000,5000.09665,b,l
2026-02-03 22:44:12,0.99990000,5000.09665,b,l
2026-02-03 22:44:13,0.99990000,5000.09665,b,l
2026-02-03 22:44:13,0.99990000,5000.09665,b,l
2026-02-03 22:44:14,0.99990000,5000.09665,b,l
2026-02-03 22:44:14,0.99990000,5000.09665,b,l
2026-02-03 22:44:15,0.99990000,5000.09665,b,l
2026-02-03 22:44:15,0.99990000,5000.09665,b,l
2026-02-03 22:44:16,0.99990000,5000.09665,b,l
2026-02-03 22:44:16,0.99990000,5000.09665,b,l
2026-02-03 22:44:17,0.99990000,5000.09665,b,l
2026-02-03 22:44:17,0.99990000,5000.09665,b,l
2026-02-03 22:44:18,0.99990000,5000.09665,b,l
2026-02-03 22:44:18,0.99990000,5000.09665,b,l
2026-02-03 22:44:19,0.99990000,5000.09665,b,l
2026-02-03 22:44:19,0.99990000,5000.09665,b,l
2026-02-03 22:44:20,0.99990000,5000.09665,b,l
2026-02-03 22:44:20,0.99990000,5000.09665,b,l
2026-02-03 22:44:20,0.99990000,5000.09665,b,l
2026-02-03 22:44:21,0.99990000,5000.09665,b,l
2026-02-03 22:44:22,0.99990000,5000.09665,b,l
2026-02-03 22:44:22,0.99990000,5000.09665,b,l
2026-02-03 22:44:23,0.99990000,5000.09665,b,l
2026-02-03 22:44:23,0.99990000,5000.09665,b,l
2026-02-03 22:44:23,0.99990000,5000.09665,b,l
2026-02-03 22:44:24,0.99990000,5000.09665,b,l
2026-02-03 22:44:24,0.99990000,5000.09665,b,l
2026-02-03 22:44:25,0.99990000,5000.09665,b,l
2026-02-03 22:44:25,0.99990000,5000.09665,b,l
2026-02-03 22:44:26,0.99990000,5000.09665,b,l
2026-02-03 22:45:43,0.99980000,300.03000,s,l
2026-02-03 22:46:33,0.99980000,99.00000,s,l
2026-02-03 22:46:33,0.99980000,492.61000,s,l
2026-02-03 22:47:00,0.99980000,5.00000,s,l
2026-02-03 22:47:18,0.99980000,4926.11000,s,l
2026-02-03 22:47:21,0.99980000,81.06000,s,l
2026-02-03 22:48:00,0.99980000,3.96000,s,l
2026-02-03 22:48:52,0.99980000,990.10000,s,l
2026-02-03 22:57:31,0.99990000,5.00000,b,l
2026-02-03 22:57:48,0.99990000,4245.33923,b,l
2026-02-03 22:57:48,0.99990000,577.67755,b,l
2026-02-03 22:59:52,0.99990000,158.42000,s,l
2026-02-03 23:03:34,0.99990000,22.43000,s,l
2026-02-03 23:03:58,1.00000000,1.65000,b,l
2026-02-03 23:04:26,1.00000000,5.54000,b,l
2026-02-03 23:04:39,1.00000000,3.11000,b,l
2026-02-03 23:05:04,0.99990000,16.05000,s,l
2026-02-03 23:05:28,1.00000000,3.23000,b,l
2026-02-03 23:07:23,1.00000000,1.81000,b,l
2026-02-03 23:07:55,1.00000000,2.00000,b,l
2026-02-03 23:08:02,0.99990000,7.92000,s,l
2026-02-03 23:08:25,0.99990000,11.00000,s,l
2026-02-03 23:08:26,0.99990000,831.70000,s,l
2026-02-03 23:09:00,1.00000000,8.08000,b,l
2026-02-03 23:09:10,0.99990000,9.90000,s,l
2026-02-03 23:21:43,0.99990000,5.43000,s,l
2026-02-03 23:27:31,0.99990000,7.92000,s,l
2026-02-03 23:27:59,0.99990000,15.35000,s,l
2026-02-03 23:29:20,0.99990000,1.24000,s,l
2026-02-03 23:33:36,0.99990000,25.00000,s,l
2026-02-03 23:46:52,0.99990000,0.99000,s,l
2026-02-03 23:47:48,0.99990000,34958.04266,s,m
2026-02-03 23:47:48,0.99990000,4828.01280,s,m
2026-02-03 23:47:48,0.99990000,1057.52575,s,m
2026-02-03 23:47:48,0.99980000,11399.68723,s,m
2026-02-03 23:48:19,0.99990000,710.64323,b,l
2026-02-03 23:49:17,0.99990000,0.99000,s,l
2026-02-03 23:50:08,0.99990000,5.00000,s,l
2026-02-03 23:56:30,0.99990000,30.48000,s,l
2026-02-03 23:58:00,0.99990000,4.00000,s,l
2026-02-03 23:58:03,1.00000000,2404.34000,b,l
2026-02-04 00:00:01,0.99990000,9.98901,s,l
2026-02-04 00:00:07,0.99990000,15.00000,s,l
2026-02-04 00:01:27,0.99990000,20.00000,s,l
2026-02-04 00:01:41,0.99990000,7441.07071,s,l
2026-02-04 00:01:42,0.99990000,479.93360,s,l
2026-02-04 00:01:42,0.99990000,522.50159,s,l
2026-02-04 00:02:01,0.99990000,63.95612,s,m
2026-02-04 00:07:42,0.99990000,1.00000,s,l
2026-02-04 00:08:00,0.99990000,8.71399,s,l
2026-02-04 00:12:21,0.99990000,148.51000,s,l
2026-02-04 00:14:48,0.99990000,14.78000,s,l
2026-02-04 00:15:00,0.99990000,9.80000,s,l
2026-02-04 00:20:00,0.99990000,4.20000,s,l
2026-02-04 00:21:26,0.99990000,1.00000,s,l
2026-02-04 00:27:12,0.99990000,20.00000,s,l
2026-02-04 00:28:00,1.00000000,6421.99000,b,l
2026-02-04 00:31:18,0.99990000,20.00000,s,l
2026-02-04 00:33:13,0.99990000,25.51000,s,l
2026-02-04 00:33:14,0.99990000,84.84000,s,l
2026-02-04 00:37:36,0.99990000,5000.50005,s,m
2026-02-04 00:38:15,0.99990000,4000.40004,s,m
2026-02-04 00:38:52,1.00000000,1.17000,b,l
2026-02-04 00:41:13,0.99990000,103.44000,s,l
2026-02-04 00:45:27,0.99990000,5.00000,s,l
2026-02-04 00:47:51,0.99990000,930.00000,s,l
2026-02-04 00:50:35,0.99990000,0.99000,s,l
2026-02-04 01:00:01,0.99990000,10.00000,s,l
2026-02-04 01:03:19,0.99990000,2.00000,s,l
2026-02-04 01:03:41,0.99990000,1.87000,s,l
2026-02-04 01:08:00,1.00000000,103.56000,b,l
2026-02-04 01:08:47,1.00000000,134.15000,b,l
2026-02-04 01:09:35,0.99990000,5.00000,s,l
2026-02-04 01:09:57,0.99990000,5.00000,s,l
2026-02-04 01:12:23,0.99990000,1.00000,s,l
2026-02-04 01:15:07,0.99990000,1811.36000,s,l
2026-02-04 01:15:17,1.00000000,45.17000,b,l
2026-02-04 01:16:36,0.99990000,6.67000,s,l
2026-02-04 01:29:01,0.99990000,1.02000,s,l
2026-02-04 01:30:48,0.99990000,1797.19086,s,l
2026-02-04 01:36:23,1.00000000,18.09000,b,l
2026-02-04 01:36:44,1.00000000,2.60000,b,l
2026-02-04 01:37:09,0.99990000,100.00000,s,l
2026-02-04 01:38:08,0.99990000,2.50000,s,l
2026-02-04 01:48:14,0.99990000,10.10000,s,l
2026-02-04 01:49:34,0.99990000,20.00000,s,l
2026-02-04 01:50:09,0.99990000,5.00000,s,l
2026-02-04 01:54:37,0.99990000,10.00000,s,l
2026-02-04 01:57:24,0.99990000,0.99000,s,l
2026-02-04 01:59:03,0.99990000,1.50000,s,l
2026-02-04 02:00:00,0.99990000,2.00000,s,l
2026-02-04 02:00:00,0.99990000,1.00000,s,l
2026-02-04 02:00:00,0.99990000,1.00000,s,l
2026-02-04 02:05:47,0.99990000,10.00000,s,l
2026-02-04 02:15:05,0.99990000,5.00000,s,l
2026-02-04 02:15:32,0.99990000,5.00000,s,l
2026-02-04 02:15:43,0.99990000,2.00000,s,l
2026-02-04 02:15:51,0.99990000,5.00000,s,l
2026-02-04 02:16:07,0.99990000,5.00000,s,l
2026-02-04 02:16:57,0.99990000,3.00000,s,l
2026-02-04 02:17:11,0.99990000,3.00000,s,l
2026-02-04 02:17:12,0.99990000,10.00000,s,l
2026-02-04 02:17:59,0.99990000,2.00000,s,l
2026-02-04 02:18:27,0.99990000,17.82000,s,l
2026-02-04 02:22:36,0.99990000,0.99000,s,l
2026-02-04 02:23:07,0.99990000,0.99000,s,l
2026-02-04 02:27:32,0.99990000,200.00000,s,m
2026-02-04 02:29:09,0.99990000,9.90000,s,l
2026-02-04 02:29:28,0.99990000,0.99000,s,l
2026-02-04 02:31:24,0.99990000,10.00000,s,l
2026-02-04 02:37:45,0.99990000,20.00000,s,l
2026-02-04 02:38:39,0.99990000,0.99000,s,l
2026-02-04 02:38:47,0.99990000,1.72000,s,l
2026-02-04 02:39:52,0.99990000,0.99000,s,l
2026-02-04 02:40:16,0.99990000,0.99000,s,l
2026-02-04 02:40:36,0.99990000,0.99000,s,l
2026-02-04 02:40:50,0.99990000,0.99000,s,l
2026-02-04 02:41:15,0.99990000,2.22000,s,l
2026-02-04 02:41:25,0.99990000,50.00000,s,l
2026-02-04 02:42:26,0.99990000,1.98000,s,l
2026-02-04 02:45:15,0.99990000,2.40000,s,l
2026-02-04 02:45:35,0.99990000,1.00000,s,l
2026-02-04 02:49:35,0.99990000,50.00000,s,l
2026-02-04 02:54:36,1.00000000,15.14000,b,m
2026-02-04 02:55:30,0.99990000,13.28000,s,l
2026-02-04 02:58:22,1.00000000,17.70000,b,l
2026-02-04 03:00:51,0.99990000,20.00000,s,l
2026-02-04 03:05:28,1.00000000,249.73000,b,l
2026-02-04 03:08:34,0.99990000,7.92000,s,l
2026-02-04 03:08:34,1.00000000,100.00000,b,m
2026-02-04 03:08:45,0.99990000,11.00000,s,l
2026-02-04 03:15:10,0.99990000,5.00000,s,l
2026-02-04 03:15:19,0.99990000,1.00000,s,l
2026-02-04 03:15:45,0.99990000,1.00000,s,l
2026-02-04 03:16:01,1.00000000,1000.00000,b,m
2026-02-04 03:16:55,0.99990000,1.00000,s,l
2026-02-04 03:17:52,0.99990000,1.00000,s,l
2026-02-04 03:18:21,0.99990000,3.00000,s,l
2026-02-04 03:18:50,0.99990000,3.00000,s,l
2026-02-04 03:19:20,0.99990000,0.99000,s,l
2026-02-04 03:22:41,0.99990000,0.99000,s,l
2026-02-04 03:23:49,0.99990000,1.00000,s,l
2026-02-04 03:24:06,0.99990000,1.00000,s,l
2026-02-04 03:24:13,0.99990000,1.00000,s,l
2026-02-04 03:25:39,0.99990000,5.00000,s,l
2026-02-04 03:26:21,0.99990000,0.99000,s,l
2026-02-04 03:27:05,0.99990000,10.00000,s,l
2026-02-04 03:27:11,0.99990000,10.00000,s,l
2026-02-04 03:27:36,0.99990000,1.00000,s,l
2026-02-04 03:27:54,0.99990000,1.00000,s,l
2026-02-04 03:28:10,0.99990000,1.00000,s,l
2026-02-04 03:30:01,0.99990000,50.00000,s,l
2026-02-04 03:40:44,0.99990000,1.52000,s,l
2026-02-04 03:41:15,0.99990000,5.00000,s,l
2026-02-04 03:41:49,0.99990000,5.00000,s,l
2026-02-04 03:42:07,0.99990000,5.00000,s,l
2026-02-04 03:42:31,0.99990000,5.00000,s,l
2026-02-04 03:43:03,0.99990000,2.00000,s,l
2026-02-04 03:43:51,0.99990000,5.00000,s,l
2026-02-04 03:44:27,0.99990000,3.00000,s,l
2026-02-04 03:44:28,0.99990000,3519.30711,s,m
2026-02-04 03:44:31,0.99990000,100.00000,s,l
2026-02-04 03:45:26,0.99990000,3.00000,s,l
2026-02-04 03:45:59,0.99990000,3.00000,s,l
2026-02-04 03:46:31,0.99990000,3.00000,s,l
2026-02-04 03:47:23,0.99990000,3.00000,s,l
2026-02-04 03:47:55,0.99990000,3.00000,s,l
2026-02-04 03:48:11,0.99990000,3.00000,s,l
2026-02-04 03:48:18,0.99990000,27.20000,s,l
2026-02-04 03:48:51,0.99990000,5.00000,s,l
2026-02-04 03:53:28,0.99990000,0.99000,s,l
2026-02-04 03:54:32,0.99990000,10.00100,s,l
2026-02-04 03:55:55,0.99990000,495.05000,s,l
2026-02-04 03:59:15,0.99990000,99.21000,s,l
2026-02-04 04:00:00,0.99990000,15.00000,s,l
2026-02-04 04:00:48,0.99990000,0.99000,s,l
2026-02-04 04:02:00,0.99990000,990.59000,s,l
2026-02-04 04:03:15,0.99990000,100.00000,s,l
2026-02-04 04:07:04,1.00000000,50.50000,b,l
2026-02-04 04:07:29,1.00000000,32.70000,b,l
2026-02-04 04:07:51,1.00000000,33.76000,b,l
2026-02-04 04:08:29,1.00000000,20.20000,b,l
2026-02-04 04:08:37,0.99990000,20.00000,s,l
2026-02-04 04:09:05,0.99990000,9.90000,s,l
2026-02-04 04:09:12,1.00000000,15.15000,b,l
2026-02-04 04:09:34,1.00000000,74.98000,b,l
2026-02-04 04:09:59,1.00000000,16.48000,b,l
2026-02-04 04:10:19,1.00000000,16.19000,b,l
2026-02-04 04:10:41,1.00000000,6.77000,b,l
2026-02-04 04:11:11,1.00000000,19.58000,b,l
2026-02-04 04:11:28,0.99990000,20.00000,s,l
2026-02-04 04:11:33,1.00000000,11.73000,b,l
2026-02-04 04:17:01,1.00000000,75.75000,b,l
2026-02-04 04:19:32,1.00000000,6576.05334,b,l
2026-02-04 04:19:32,1.00000000,5465.60000,b,l
2026-02-04 04:19:32,1.00000000,2500.00000,b,l
2026-02-04 04:19:32,1.00000000,1853.00000,b,l
2026-02-04 04:19:32,1.00000000,106.00000,b,l
2026-02-04 04:19:32,1.00000000,276.00000,b,l
2026-02-04 04:19:32,1.00000000,250.00000,b,l
2026-02-04 04:19:32,1.00000000,199.00000,b,l
2026-02-04 04:19:32,1.00000000,109.00000,b,l
2026-02-04 04:19:32,1.00000000,30.00000,b,l
2026-02-04 04:19:32,1.00000000,192.00000,b,l
2026-02-04 04:19:32,1.00000000,2500.00000,b,l
2026-02-04 04:19:32,1.00000000,325.00000,b,l
2026-02-04 04:19:32,1.00000000,27652.21099,b,l
2026-02-04 04:19:32,1.00000000,503.00000,b,l
2026-02-04 04:19:32,1.00000000,6.00000,b,l
2026-02-04 04:19:32,1.00000000,2500.00000,b,l
2026-02-04 04:19:32,1.00000000,2500.00000,b,l
2026-02-04 04:19:32,1.00000000,2500.00000,b,l
2026-02-04 04:19:32,1.00000000,2500.00000,b,l
2026-02-04 04:19:32,1.00000000,2500.00000,b,l
2026-02-04 04:19:32,1.00000000,2500.00000,b,l
2026-02-04 04:19:32,1.00000000,2500.00000,b,l
2026-02-04 04:19:32,1.00000000,1327.00000,b,l
2026-02-04 04:19:32,1.00000000,170.00000,b,l
2026-02-04 04:19:32,1.00000000,2500.00000,b,l
2026-02-04 04:19:32,1.00000000,2500.00000,b,l
2026-02-04 04:19:32,1.00000000,1722.00000,b,l
2026-02-04 04:19:32,1.00000000,8321.09567,b,l
2026-02-04 04:23:04,0.99990000,0.99000,s,l
2026-02-04 04:23:48,0.99990000,15.00000,s,l
2026-02-04 04:23:52,0.99990000,1.98000,s,l
2026-02-04 04:27:01,0.99990000,3.00000,s,l
2026-02-04 04:27:55,0.99990000,19.80000,s,l
2026-02-04 04:28:25,0.99990000,1.25000,s,l
2026-02-04 04:28:50,0.99990000,1.00000,s,l
2026-02-04 04:36:45,0.99990000,2.50000,s,l
2026-02-04 04:37:41,0.99990000,5.55000,s,l
2026-02-04 04:38:35,0.99990000,98.52000,s,l
2026-02-04 04:39:28,0.99990000,15.55000,s,l
2026-02-04 04:40:36,0.99990000,15.55000,s,l
2026-02-04 04:40:58,0.99990000,15.00000,s,l
2026-02-04 04:41:40,0.99990000,15.55000,s,l
2026-02-04 04:42:35,0.99990000,2.09000,s,l
2026-02-04 04:47:07,0.99990000,148.51000,s,l
2026-02-04 04:49:32,0.99990000,99.01000,s,l
2026-02-04 04:49:59,0.99990000,99.01000,s,l
2026-02-04 05:00:00,0.99990000,9.90000,s,l
2026-02-04 05:00:00,0.99990000,3.96000,s,l
2026-02-04 05:00:00,0.99990000,2.00000,s,l
2026-02-04 05:00:00,0.99990000,2.00000,s,l
2026-02-04 05:00:00,0.99990000,6.00000,s,l
2026-02-04 05:00:17,0.99990000,15.00000,s,l
2026-02-04 05:00:20,0.99990000,15.00000,s,l
2026-02-04 05:04:52,1.00000000,17.56000,b,l
2026-02-04 05:05:31,0.99990000,97.99000,s,l
2026-02-04 05:05:37,1.00000000,26.02000,b,l
2026-02-04 05:11:20,0.99990000,4.95000,s,l
2026-02-04 05:12:04,0.99990000,4.95000,s,l
2026-02-04 05:19:21,0.99990000,7.16154,s,m
2026-02-04 05:25:01,0.99990000,21.89000,s,m
2026-02-04 05:27:13,0.99990000,17.82000,s,l
2026-02-04 05:28:25,1.00000000,3635.32433,b,l
2026-02-04 05:28:25,1.00000000,104.41153,b,l
2026-02-04 05:28:25,1.00000000,4578.00000,b,l
2026-02-04 05:28:25,1.00000000,148.00000,b,l
2026-02-04 05:28:25,1.00000000,1967.00000,b,l
2026-02-04 05:28:25,1.00000000,100.00000,b,l
2026-02-04 05:28:25,1.00000000,104.00000,b,l
2026-02-04 05:28:25,1.00000000,5950.02323,b,l
2026-02-04 05:28:25,1.00000000,50000.00000,b,l
2026-02-04 05:28:25,1.00000000,360.03600,b,l
2026-02-04 05:28:25,1.00000000,360.03600,b,l
2026-02-04 05:28:25,1.00000000,360.03600,b,l
2026-02-04 05:28:25,1.00000000,360.03600,b,l
2026-02-04 05:28:25,1.00000000,360.03600,b,l
2026-02-04 05:28:25,1.00000000,360.03600,b,l
2026-02-04 05:28:25,1.00000000,360.03600,b,l
2026-02-04 05:28:25,1.00000000,360.03600,b,l
2026-02-04 05:28:25,1.00000000,360.03600,b,l
2026-02-04 05:28:25,1.00000000,360.03600,b,l
2026-02-04 05:28:25,1.00000000,360.03600,b,l
2026-02-04 05:28:25,1.00000000,360.03600,b,l
2026-02-04 05:28:25,1.00000000,360.03600,b,l
2026-02-04 05:28:25,1.00000000,360.03600,b,l
2026-02-04 05:28:25,1.00000000,360.03600,b,l
2026-02-04 05:28:25,1.00000000,360.03600,b,l
2026-02-04 05:28:25,1.00000000,360.03600,b,l
2026-02-04 05:28:25,1.00000000,360.03600,b,l
2026-02-04 05:28:25,1.00000000,360.03600,b,l
2026-02-04 05:28:25,1.00000000,360.03600,b,l
2026-02-04 05:28:25,1.00000000,360.03600,b,l
2026-02-04 05:28:25,1.00000000,360.03600,b,l
2026-02-04 05:28:25,1.00000000,360.03600,b,l
2026-02-04 05:28:25,1.00000000,360.03600,b,l
2026-02-04 05:28:25,1.00000000,360.03600,b,l
2026-02-04 05:28:25,1.00000000,37.65091,b,l
2026-02-04 05:30:55,0.99990000,5.00000,s,l
2026-02-04 05:33:10,0.99990000,1.65000,s,l
2026-02-04 05:35:00,0.99990000,12.00000,s,l
2026-02-04 05:37:40,0.99990000,2.50000,s,l
2026-02-04 05:37:58,0.99990000,2.50000,s,l
2026-02-04 05:39:30,0.99990000,20.00000,s,l
2026-02-04 05:39:45,0.99990000,5.00000,s,l
2026-02-04 05:41:12,0.99990000,2.50000,s,l
2026-02-04 05:45:47,0.99990000,2.00000,s,l
2026-02-04 05:47:47,1.00000000,5.08000,b,l
2026-02-04 05:47:55,1.00000000,317.30509,b,l
2026-02-04 05:47:55,1.00000000,360.03600,b,l
2026-02-04 05:47:55,1.00000000,360.03600,b,l
2026-02-04 05:47:55,1.00000000,360.03600,b,l
2026-02-04 05:47:55,1.00000000,360.03600,b,l
2026-02-04 05:47:55,1.00000000,70.85091,b,l
2026-02-04 05:48:51,0.99990000,2.00000,s,l
2026-02-04 05:52:20,0.99990000,49.26000,s,l
2026-02-04 05:52:21,1.00000000,9.65000,b,l
2026-02-04 05:52:45,0.99990000,8.40000,s,l
2026-02-04 05:53:23,0.99990000,221.08000,s,l
2026-02-04 05:53:23,0.99990000,5000.00000,s,l
2026-02-04 05:53:24,0.99990000,50.00000,s,l
2026-02-04 05:54:57,0.99990000,1.00000,s,l
2026-02-04 05:56:28,0.99990000,1.00000,s,l
2026-02-04 05:57:31,0.99990000,3.00000,s,l
2026-02-04 05:58:05,1.00000000,279.53509,b,l
2026-02-04 05:58:05,1.00000000,360.03600,b,l
2026-02-04 05:58:05,1.00000000,264.96891,b,l
2026-02-04 06:00:00,0.99990000,1.98000,s,l
2026-02-04 06:00:00,0.99990000,1.98000,s,l
2026-02-04 06:00:00,0.99990000,1.98000,s,l
2026-02-04 06:00:00,0.99990000,5.00000,s,l
2026-02-04 06:00:00,0.99990000,0.99000,s,l
2026-02-04 06:00:00,0.99990000,2.00000,s,l
2026-02-04 06:00:55,0.99990000,50.01000,s,l
2026-02-04 06:01:00,0.99990000,11.00000,s,l
2026-02-04 06:01:00,0.99990000,4.00000,s,l
2026-02-04 06:03:00,0.99990000,10.00000,s,l
2026-02-04 06:05:28,0.99990000,3.00000,s,l
2026-02-04 06:07:39,0.99990000,3.00000,s,l
2026-02-04 06:11:41,1.00000000,95.06709,b,l
2026-02-04 06:11:41,1.00000000,31.62291,b,l
2026-02-04 06:16:48,0.99990000,1994.34000,s,l
2026-02-04 06:18:49,0.99990000,1.24000,s,l
2026-02-04 06:20:11,0.99990000,2.50000,s,l
2026-02-04 06:20:18,0.99990000,2.50000,s,l
2026-02-04 06:20:34,0.99990000,2.50000,s,l
2026-02-04 06:25:23,0.99990000,4.00000,s,l
2026-02-04 06:28:04,1.00000000,5.32000,b,l
2026-02-04 06:29:47,0.99990000,5.32000,s,l
2026-02-04 06:30:02,0.99990000,1.00000,s,l
2026-02-04 06:31:09,1.00000000,1.20000,b,l
2026-02-04 06:37:12,0.99990000,18.00000,s,l
2026-02-04 06:37:46,0.99990000,7.00000,s,l
2026-02-04 06:38:17,0.99990000,25.00000,s,l
2026-02-04 06:40:52,0.99990000,2.00000,s,l
2026-02-04 06:40:52,0.99990000,2.00000,s,l
2026-02-04 06:42:22,1.00000000,321.89309,b,l
2026-02-04 06:42:22,1.00000000,360.03600,b,l
2026-02-04 06:42:22,1.00000000,67.32091,b,l
2026-02-04 06:42:30,0.99990000,16.97979,s,m
2026-02-04 06:45:24,0.99990000,5.00000,s,l
2026-02-04 06:48:52,0.99990000,223.02230,s,m
2026-02-04 06:49:21,0.99990000,0.99000,s,l
2026-02-04 06:50:19,0.99990000,50.00112,s,l
2026-02-04 06:54:51,1.00000000,5.32000,b,l
2026-02-04 07:00:00,0.99990000,50.00000,s,l
2026-02-04 07:00:44,0.99990000,22.50000,s,l
2026-02-04 07:02:16,0.99990000,0.99000,s,l
2026-02-04 07:03:53,0.99990000,0.99000,s,l
2026-02-04 07:07:34,1.00000000,1.31000,b,l
2026-02-04 07:07:56,1.00000000,9.22000,b,l
2026-02-04 07:08:12,1.00000000,2.41000,b,l
2026-02-04 07:08:33,1.00000000,1.56000,b,l
2026-02-04 07:09:56,0.99990000,25.00000,s,l
2026-02-04 07:10:06,0.99990000,2.35000,s,l
2026-02-04 07:10:21,0.99990000,7.40000,s,l
2026-02-04 07:11:07,0.99990000,15.00000,s,l
2026-02-04 07:11:21,0.99990000,1.98000,s,l
2026-02-04 07:19:55,0.99990000,0.99000,s,l
2026-02-04 07:20:53,0.99990000,2.50000,s,l
2026-02-04 07:30:00,0.99990000,3.00000,s,l
2026-02-04 07:32:42,0.99990000,0.99000,s,l
2026-02-04 07:35:04,1.00000000,1.48000,b,l
2026-02-04 07:36:04,0.99990000,2.23000,s,l
2026-02-04 07:37:47,0.99990000,2.65000,s,l
2026-02-04 07:39:34,0.99990000,24.75000,s,l
2026-02-04 07:40:55,0.99990000,24.75000,s,l
2026-02-04 07:43:16,0.99990000,24.75000,s,l
2026-02-04 07:43:48,0.99990000,1.73000,s,l
2026-02-04 07:51:10,0.99990000,5.00000,s,l
2026-02-04 07:52:54,0.99990000,5.00000,s,l
2026-02-04 08:00:00,0.99990000,10.00000,s,l
2026-02-04 08:00:00,0.99990000,20.00000,s,l
2026-02-04 08:00:00,0.99990000,10.00000,s,l
2026-02-04 08:00:00,0.99990000,10.00000,s,l
2026-02-04 08:00:00,0.99990000,10.00000,s,l
2026-02-04 08:00:00,0.99990000,20.00000,s,l
2026-02-04 08:00:00,0.99990000,20.00000,s,l
2026-02-04 08:00:00,0.99990000,10.00000,s,l
2026-02-04 08:00:19,0.99990000,99.01000,s,l
2026-02-04 08:00:22,0.99990000,500.00000,s,l
2026-02-04 08:00:27,0.99990000,10.00000,s,l
2026-02-04 08:19:01,0.99990000,2.00000,s,l
2026-02-04 08:19:58,1.00000000,271.41509,b,l
2026-02-04 08:19:58,1.00000000,215.49491,b,l
2026-02-04 08:22:56,0.99990000,4.05000,s,l
2026-02-04 08:23:50,0.99990000,50.00000,s,l
2026-02-04 08:25:21,0.99990000,1773.94830,s,m
2026-02-04 08:25:21,0.99990000,9314.14141,s,m
2026-02-04 08:25:21,0.99990000,10394.87948,s,m
2026-02-04 08:25:21,0.99990000,1811.54115,s,m
2026-02-04 08:25:21,0.99990000,6693.53094,s,m
2026-02-04 08:26:56,0.99990000,97.07000,s,l
2026-02-04 08:27:25,0.99990000,1.00000,s,l
2026-02-04 08:27:25,0.99990000,0.99000,s,l
2026-02-04 08:30:00,0.99990000,3.00000,s,l
2026-02-04 08:33:00,0.99990000,1.50000,s,l
2026-02-04 08:33:00,0.99990000,4.00000,s,l
2026-02-04 08:33:00,0.99990000,3.00000,s,l
2026-02-04 08:36:08,0.99990000,39.60000,s,l
2026-02-04 08:36:27,0.99990000,5.00000,s,l
2026-02-04 08:36:58,0.99990000,14.85000,s,l
2026-02-04 08:37:16,0.99990000,14.85000,s,l
2026-02-04 08:37:45,0.99990000,9.90000,s,l
2026-02-04 08:48:00,0.99990000,5.03000,s,l
2026-02-04 08:51:13,0.99990000,1.49000,s,l
2026-02-04 08:52:43,1.00000000,144.54109,b,l
2026-02-04 08:52:43,1.00000000,360.03600,b,l
2026-02-04 08:52:43,1.00000000,360.03600,b,l
2026-02-04 08:52:43,1.00000000,360.03600,b,l
2026-02-04 08:52:43,1.00000000,145.90091,b,l
2026-02-04 08:53:57,1.00000000,10.86000,b,l
2026-02-04 08:55:16,1.00000000,171.55000,b,l
2026-02-04 08:56:05,1.00000000,1.90000,b,l
2026-02-04 09:00:02,0.99990000,0.99000,s,l
2026-02-04 09:00:03,0.99990000,3.00000,s,l
2026-02-04 09:00:04,0.99990000,8.00000,s,l
2026-02-04 09:00:09,0.99990000,4.00000,s,l
2026-02-04 09:00:10,0.99990000,0.99000,s,l
2026-02-04 09:00:13,0.99990000,0.99000,s,l
2026-02-04 09:00:14,0.99990000,5.00000,s,l
2026-02-04 09:00:15,0.99990000,7.00000,s,l
2026-02-04 09:00:18,0.99990000,6.00000,s,l
2026-02-04 09:00:22,0.99990000,0.99000,s,l
2026-02-04 09:00:23,0.99990000,0.99000,s,l
2026-02-04 09:00:25,0.99990000,4.00000,s,l
2026-02-04 09:00:30,0.99990000,4.00000,s,l
2026-02-04 09:00:36,0.99990000,3.96000,s,l
2026-02-04 09:00:48,0.99990000,9.00000,s,l
2026-02-04 09:00:48,0.99990000,5.00000,s,l
2026-02-04 09:02:39,0.99990000,1.00000,s,l
2026-02-04 09:03:15,0.99990000,1.00000,s,l
2026-02-04 09:03:49,0.99990000,30.00000,s,l
2026-02-04 09:08:11,0.99990000,7.92000,s,l
2026-02-04 09:08:20,1.00000000,29.82509,b,l
2026-02-04 09:08:20,1.00000000,360.03600,b,l
2026-02-04 09:08:20,1.00000000,360.03600,b,l
2026-02-04 09:08:20,1.00000000,137.93291,b,l
2026-02-04 09:08:23,0.99990000,4.00000,s,l
2026-02-04 09:13:34,1.00000000,222.10309,b,l
2026-02-04 09:13:34,1.00000000,337.45691,b,l
2026-02-04 09:15:05,0.99990000,1.00000,s,l
2026-02-04 09:18:01,1.00000000,22.57909,b,l
2026-02-04 09:18:01,1.00000000,360.03600,b,l
2026-02-04 09:18:01,1.00000000,360.03600,b,l
2026-02-04 09:18:01,1.00000000,360.03600,b,l
2026-02-04 09:18:01,1.00000000,360.03600,b,l
2026-02-04 09:18:01,1.00000000,360.03600,b,l
2026-02-04 09:18:01,1.00000000,360.03600,b,l
2026-02-04 09:18:01,1.00000000,360.03600,b,l
2026-02-04 09:18:01,1.00000000,332.28891,b,l
2026-02-04 09:20:38,1.00000000,27.74709,b,l
2026-02-04 09:20:38,1.00000000,360.03600,b,l
2026-02-04 09:20:38,1.00000000,360.03600,b,l
2026-02-04 09:20:38,1.00000000,66.22091,b,l
2026-02-04 09:21:12,1.00000000,2.71000,b,l
2026-02-04 09:21:51,0.99990000,3.21000,s,l
2026-02-04 09:21:53,0.99990000,4.95000,s,l
2026-02-04 09:23:13,0.99990000,13.28000,s,l
2026-02-04 09:24:43,0.99990000,1.98000,s,l
2026-02-04 09:25:17,1.00000000,291.10509,b,l
2026-02-04 09:25:17,1.00000000,360.03600,b,l
2026-02-04 09:25:17,1.00000000,318.40891,b,l
2026-02-04 09:25:39,0.99990000,790.16000,s,l
2026-02-04 09:28:39,0.99990000,1.98000,s,l
2026-02-04 09:28:47,0.99990000,0.99000,s,l
2026-02-04 09:28:54,0.99990000,2.16000,s,l
2026-02-04 09:29:44,0.99990000,2.97000,s,l
2026-02-04 09:30:00,0.99990000,4.00000,s,l
2026-02-04 09:30:00,0.99990000,25.00000,s,l
2026-02-04 09:30:00,0.99990000,4.00000,s,l
2026-02-04 09:30:00,0.99990000,4.00000,s,l
2026-02-04 09:30:00,0.99990000,4.00000,s,l
2026-02-04 09:30:07,0.99990000,1.00000,s,l
2026-02-04 09:30:07,0.99990000,1.00000,s,l
2026-02-04 09:30:11,0.99990000,1.00000,s,l
2026-02-04 09:30:13,0.99990000,1.98000,s,l
2026-02-04 09:30:35,0.99990000,4.00000,s,l
2026-02-04 09:30:41,0.99990000,4.00000,s,l
2026-02-04 09:30:43,0.99990000,2.00000,s,l
2026-02-04 09:31:11,0.99990000,1.98000,s,l
2026-02-04 09:35:44,0.99990000,100.00000,s,m
2026-02-04 09:36:44,0.99990000,30.00000,s,l
2026-02-04 09:38:08,0.99990000,20.00000,s,l
2026-02-04 09:40:03,0.99990000,1.98000,s,l
2026-02-04 09:44:03,0.99990000,0.99000,s,l
2026-02-04 09:44:42,0.99990000,1.24000,s,l
2026-02-04 09:44:42,0.99990000,1.49000,s,l
2026-02-04 09:46:45,0.99990000,50.00000,s,l
2026-02-04 10:00:00,0.99990000,5.00000,s,l
2026-02-04 10:00:00,0.99990000,2.00000,s,l
2026-02-04 10:00:00,0.99990000,2.00000,s,l
2026-02-04 10:00:38,0.99990000,0.99000,s,l
2026-02-04 10:05:08,0.99990000,1.00000,s,l
2026-02-04 10:06:39,0.99990000,2.00000,s,l
2026-02-04 10:10:50,0.99990000,2.41000,s,l
2026-02-04 10:11:19,0.99990000,1.49000,s,l
2026-02-04 10:12:10,0.99990000,0.99000,s,l
2026-02-04 10:18:17,1.00000000,2.28000,b,l
2026-02-04 10:18:34,0.99990000,2.24000,s,l
2026-02-04 10:19:08,1.00000000,2.63000,b,l
2026-02-04 10:19:25,0.99990000,2.57000,s,l
2026-02-04 10:19:37,1.00000000,2.87000,b,l
2026-02-04 10:19:53,0.99990000,2.81000,s,l
2026-02-04 10:20:07,1.00000000,2.89000,b,l
2026-02-04 10:25:03,0.99990000,5.00000,s,l
2026-02-04 10:29:55,0.99990000,6.88024,s,l
2026-02-04 10:33:15,0.99990000,0.99000,s,l
2026-02-04 10:37:14,0.99990000,1.24000,s,l
2026-02-04 10:38:28,0.99990000,1.98000,s,l
2026-02-04 10:38:30,0.99990000,2.16000,s,l
2026-02-04 10:45:04,0.99990000,5.00000,s,l
2026-02-04 10:45:05,0.99990000,10.00000,s,l
2026-02-04 10:45:19,0.99990000,15.00000,s,l
2026-02-04 10:45:23,0.99990000,2.00000,s,l
2026-02-04 10:45:29,0.99990000,10.00000,s,l
2026-02-04 10:45:31,0.99990000,10.00000,s,l
2026-02-04 10:45:50,0.99990000,15.00000,s,l
2026-02-04 10:47:48,1.00000000,30.95709,b,l
2026-02-04 10:47:48,1.00000000,130.43291,b,l
2026-02-04 10:52:35,0.99990000,7.18000,s,l
2026-02-04 10:54:41,0.99990000,1.98000,s,l
2026-02-04 10:55:26,0.99990000,10.00000,s,l
2026-02-04 10:56:06,0.99990000,1.14000,s,l
2026-02-04 10:57:16,0.99990000,1.24000,s,l
2026-02-04 10:58:56,0.99990000,7.80000,s,l
2026-02-04 11:00:10,0.99990000,25.00000,s,l
2026-02-04 11:01:02,0.99990000,2.00000,s,l
2026-02-04 11:01:11,0.99990000,7.00000,s,l
2026-02-04 11:02:03,0.99990000,128.84501,s,m
2026-02-04 11:03:19,0.99990000,68.57000,s,l
2026-02-04 11:03:30,0.99990000,104.00000,s,l
2026-02-04 11:03:31,0.99990000,5.00000,s,l
2026-02-04 11:03:31,0.99990000,20.00000,s,l
2026-02-04 11:03:31,0.99990000,192.26000,s,l
2026-02-04 11:03:31,0.99990000,25.00000,s,l
2026-02-04 11:03:32,0.99990000,25.00000,s,l
2026-02-04 11:03:32,0.99990000,95.84000,s,l
2026-02-04 11:03:32,0.99990000,50.00000,s,l
2026-02-04 11:03:32,0.99990000,20.00000,s,l
2026-02-04 11:03:32,0.99990000,20.00000,s,l
2026-02-04 11:03:37,1.00000000,19.23000,b,l
2026-02-04 11:04:00,0.99990000,5.00000,s,l
2026-02-04 11:06:54,0.99990000,19.70000,s,l
2026-02-04 11:06:54,0.99990000,300.00000,s,l
2026-02-04 11:06:54,0.99990000,94.91000,s,l
2026-02-04 11:06:54,0.99990000,50.00000,s,l
2026-02-04 11:06:54,0.99990000,492.61000,s,l
2026-02-04 11:06:54,0.99990000,200.00000,s,l
2026-02-04 11:06:54,0.99990000,500.00000,s,l
2026-02-04 11:06:54,0.99990000,1000.00000,s,l
2026-02-04 11:06:54,1.00000000,5.45000,b,l
2026-02-04 11:06:55,0.99990000,50.00000,s,l
2026-02-04 11:08:21,0.99990000,100.00000,s,l
2026-02-04 11:10:07,0.99990000,10.47000,s,l
2026-02-04 11:14:58,0.99990000,2.48000,s,l
2026-02-04 11:18:39,0.99990000,40.00000,s,l
2026-02-04 11:47:41,0.99990000,50.00000,s,l
2026-02-04 12:03:31,0.99990000,10.00000,s,l
2026-02-04 12:04:27,0.99990000,25.00000,s,l
2026-02-04 12:05:00,0.99990000,10.00000,s,l
2026-02-04 12:05:09,0.99990000,5.00000,s,l
2026-02-04 12:12:24,0.99990000,10.00000,s,l
2026-02-04 12:13:44,0.99990000,10.00000,s,l
2026-02-04 12:14:06,0.99990000,3683.19034,s,l
2026-02-04 12:21:03,1.00000000,43.26000,b,l
2026-02-04 12:21:12,1.00000000,161.66309,b,l
2026-02-04 12:21:12,1.00000000,106.41691,b,l
2026-02-04 12:22:21,0.99990000,43.16000,s,l
2026-02-04 12:22:53,0.99990000,126.14000,s,l
2026-02-04 12:23:17,1.00000000,71.03000,b,l
2026-02-04 12:24:12,0.99990000,69.63000,s,l
2026-02-04 12:24:32,0.99990000,406.74734,s,m
2026-02-04 12:26:52,0.99990000,17.82000,s,l
2026-02-04 12:30:10,0.99990000,19.80000,s,l
2026-02-04 12:30:20,0.99990000,50.00000,s,l
2026-02-04 12:30:39,0.99990000,19.80000,s,l
2026-02-04 12:34:10,0.99990000,11001.10011,s,m
2026-02-04 12:35:21,0.99990000,141.94000,s,l
2026-02-04 12:38:50,0.99990000,2.97000,s,l
2026-02-04 12:43:52,0.99990000,9.90000,s,l
2026-02-04 12:45:36,0.99990000,5.00000,s,l
2026-02-04 12:53:41,1.00000000,182.58909,b,l
2026-02-04 12:53:41,1.00000000,360.03600,b,l
2026-02-04 12:53:41,1.00000000,80.37491,b,l
2026-02-04 12:55:58,0.99990000,0.99000,s,l
2026-02-04 13:00:00,0.99990000,2.50000,s,l
2026-02-04 13:02:17,0.99990000,150.00000,s,l
2026-02-04 13:03:29,0.99990000,10.00000,s,l
2026-02-04 13:03:41,0.99990000,100.00000,s,l
2026-02-04 13:08:08,0.99990000,8.00000,s,l
2026-02-04 13:08:50,0.99990000,1.00000,s,l
2026-02-04 13:14:08,0.99990000,296.68000,s,l
2026-02-04 13:15:59,0.99990000,622.93770,s,l
2026-02-04 13:16:16,0.99990000,100.76000,s,l
