timestamp,price,volume,side,type
2025-03-03 14:25:01,1.33768000,682.02733571,b,l
2025-03-03 14:25:01,1.33769000,269.34143258,b,l
2025-03-03 14:25:01,1.33770000,48.63123171,b,l
2025-03-05 15:44:03,1.20000000,121.37072900,b,l
2025-03-05 15:44:03,1.20000000,34.31528167,b,l
2025-03-05 15:44:04,1.20000000,330.49962482,b,l
2025-03-05 15:44:04,1.20000000,191.11148610,b,l
2025-03-05 16:33:14,0.99984000,20.00340057,s,l
2025-03-05 16:38:50,0.99984000,10.39318983,s,l
2025-03-05 16:39:00,0.99999000,2.43393000,b,l
2025-03-05 16:57:54,0.99999000,53.15852809,b,l
2025-03-05 17:05:13,0.99984000,40.89000000,s,m
2025-03-05 18:20:38,0.99999000,466.00000000,b,l
2025-03-05 18:20:53,1.00000000,80.00000000,b,l
2025-03-05 18:21:39,1.34899000,5.00000000,b,l
2025-03-05 18:22:20,1.32999000,100.00000000,b,l
2025-03-05 18:26:45,1.00000000,92.53000000,s,l
2025-03-05 18:26:45,0.99984000,175.38936214,s,l
2025-03-05 18:26:45,0.99983000,359.63583809,s,l
2025-03-05 18:26:45,0.99982000,23.44479977,s,l
2025-03-05 18:39:08,0.99985000,19.15099659,s,l
2025-03-05 18:39:08,0.99982000,130.92404092,s,l
2025-03-05 19:37:21,1.06000000,20.76373200,b,l
2025-03-05 19:37:21,1.07998000,16.04453800,b,l
2025-03-05 19:47:33,0.99989000,13.83508000,s,l
2025-03-05 22:20:51,1.07899000,13.83508000,b,l
2025-03-05 22:20:51,1.07900000,21.76305600,b,l
2025-03-05 22:20:51,1.07999000,41.69371400,b,l
2025-03-05 22:24:33,1.07999000,115.70969000,b,l
2025-03-05 23:29:12,1.07999000,1.00000000,b,l
2025-03-05 23:29:42,1.07999000,9.17675000,b,l
2025-03-05 23:35:32,1.07999000,5.00000000,b,l
2025-03-05 23:35:43,1.00020000,6.00000000,s,l
2025-03-05 23:51:25,1.00031000,2.38597000,s,l
2025-03-06 01:06:06,1.05999000,117.45347000,b,l
2025-03-06 01:07:21,1.03200000,19.20698000,b,l
2025-03-06 04:54:36,1.07900000,9.22549000,b,l
2025-03-06 04:57:35,1.07900000,11.23689000,b,l
2025-03-06 05:38:00,1.07900000,3.11426400,b,l
2025-03-06 05:38:00,1.12000000,1.70263600,b,l
2025-03-07 00:55:29,0.99980000,10.00200040,s,l
2025-03-07 00:55:29,0.99980000,18.10069960,s,l
2025-03-07 01:34:40,1.08099000,18.33653000,b,l
2025-03-07 01:46:01,1.08099000,68.61091417,b,l
2025-03-07 01:46:01,1.08100000,23.07152583,b,l
2025-03-07 02:18:24,0.99980000,90.77469000,s,l
2025-03-07 05:43:32,1.07000000,72.00000000,b,l
2025-03-07 05:43:32,1.07000000,72.00000000,b,l
2025-03-07 05:43:32,1.07000000,10.55455000,b,l
2025-03-07 13:16:40,0.99978000,36.47995000,s,l
2025-03-07 13:45:29,1.07100000,9.88164000,b,l
2025-03-07 13:45:48,0.99979000,12.49972000,s,l
2025-03-07 16:42:58,1.00498000,17.99214859,b,m
2025-03-07 16:42:58,1.00499000,348.08576018,b,m
2025-03-07 16:42:58,1.00500000,31.93586070,b,m
2025-03-07 18:53:49,1.02999000,127.00013764,b,l
2025-03-07 18:53:49,1.03000000,65.44387236,b,l
2025-03-08 02:01:58,1.05750000,20.68991000,b,l
2025-03-08 02:41:13,1.05750000,2.40433000,b,l
2025-03-08 06:39:03,0.99982000,14.26418518,s,l
2025-03-08 06:39:03,0.99979000,78.84581482,s,l
2025-03-08 06:42:31,0.99983000,6.25724000,s,l
2025-03-08 06:44:33,0.99982000,0.99010000,s,l
2025-03-08 09:04:05,0.99982000,14.22376562,s,l
2025-03-08 09:04:05,0.99981000,3.37202438,s,l
2025-03-08 10:22:43,1.05727000,20.26418518,b,l
2025-03-08 10:22:43,1.05750000,34.90576000,b,l
2025-03-08 10:22:43,1.05750000,58.00000000,b,l
2025-03-08 10:22:43,1.05750000,58.00000000,b,l
2025-03-08 10:22:43,1.05750000,28.02279482,b,l
2025-03-08 10:37:23,0.99981000,5.07678858,s,l
2025-03-08 14:31:24,1.02498000,20.48100562,b,l
2025-03-08 14:31:24,1.02499000,88.28472778,b,l
2025-03-08 14:31:24,1.02500000,110.14652660,b,l
2025-03-08 14:33:22,0.99985000,17.73694736,s,l
2025-03-08 14:33:22,0.99983000,199.00786264,s,l
2025-03-08 17:50:15,0.99985000,1.17848000,s,l
2025-03-08 18:12:15,0.99984000,1.17848000,s,l
2025-03-08 19:45:23,1.02498000,17.73694736,b,l
2025-03-08 19:45:23,1.02499000,34.32369264,b,l
2025-03-08 20:13:52,1.02499000,1.05921000,b,l
2025-03-09 00:14:20,1.00156000,17.64574997,s,l
2025-03-09 00:14:20,0.99983000,33.38909003,s,l
2025-03-09 00:41:14,1.00708000,18.82422997,b,l
2025-03-09 00:42:08,1.00709000,66.26021507,b,l
2025-03-09 01:00:09,1.00709000,98.41030000,b,l
2025-03-09 02:41:08,1.02479000,32.34353496,b,m
2025-03-09 02:41:08,1.02480000,67.65646504,b,m
2025-03-09 13:11:44,1.00518000,17.36688234,s,l
2025-03-09 13:11:44,1.00137000,8.01901395,s,l
2025-03-09 13:11:44,1.00000000,30.24000000,s,l
2025-03-09 13:11:44,0.99980000,355.01130106,s,l
2025-03-09 13:11:44,0.99979000,389.36756719,s,l
2025-03-09 13:11:44,0.99978000,200.53739546,s,l
2025-03-09 14:21:10,1.00699000,19.68401000,b,l
2025-03-09 15:34:03,0.99979000,8.00297592,s,l
2025-03-09 17:38:26,0.99979000,1.03834000,s,l
2025-03-09 20:20:40,1.00699000,344.36860698,b,l
2025-03-09 20:20:40,1.00700000,120.33500000,b,l
2025-03-09 20:20:40,1.00899000,528.28867302,b,l
2025-03-09 21:00:47,1.00899000,12.41913000,b,l
2025-03-09 21:33:38,1.00899000,9.82250000,b,l
2025-03-09 21:36:59,0.99979000,5.69566628,s,l
2025-03-09 22:59:14,0.99979000,5.00050000,s,l
2025-03-09 23:49:13,0.99979000,0.08829844,s,m
2025-03-09 23:49:13,0.99979000,346.84843817,s,m
2025-03-09 23:49:13,0.99978000,51.07703286,s,m
2025-03-10 04:04:44,1.00599000,18.22068000,b,l
2025-03-10 06:35:54,0.99979000,18.33365005,s,l
2025-03-10 06:35:54,0.99978000,136.21842995,s,l
2025-03-10 11:40:08,1.00599000,19.70358000,b,l
2025-03-10 13:03:34,0.99981000,19.82536676,s,l
2025-03-10 13:03:34,0.99980000,0.37265324,s,l
2025-03-10 14:40:51,1.00450000,24.66601000,b,l
2025-03-10 17:34:42,0.99980000,500.10001122,s,m
2025-03-10 17:34:42,0.99957000,1500.63163662,s,m
2025-03-10 17:34:42,0.99925000,2501.85569450,s,m
2025-03-10 17:34:42,0.99884000,248.14731268,s,m
2025-03-10 18:08:35,1.00450000,211.93662000,b,l
2025-03-10 18:08:59,1.00450000,67.10915000,b,l
2025-03-10 18:09:36,1.00450000,53.65135000,b,l
2025-03-10 18:10:09,1.00450000,11.07457000,b,l
2025-03-10 19:21:51,1.00450000,262.05505000,b,l
2025-03-10 20:28:31,0.99980000,10.00000000,s,m
2025-03-10 20:39:22,0.99980000,6.42514013,s,l
2025-03-10 21:55:41,1.00450000,3.13052000,b,l
2025-03-11 01:29:49,0.99977000,259.46045000,s,l
2025-03-11 08:56:46,1.00390000,126.88450000,b,l
2025-03-11 16:11:35,0.99980000,354.85969000,s,l
2025-03-11 16:26:08,1.00390000,44.38759000,b,l
2025-03-11 17:03:04,0.99980000,43.51298000,s,l
2025-03-11 17:32:22,0.99980000,5.63790808,s,l
2025-03-11 20:28:03,1.00390000,757.68923000,b,l
2025-03-11 20:30:05,0.99980000,500.10001122,s,l
2025-03-11 20:30:05,0.99957000,250.08734878,s,l
2025-03-11 21:33:53,0.99980000,9.45238002,s,l
2025-03-11 21:49:26,1.00390000,1.62966000,b,l
2025-03-11 22:17:40,1.00390000,108.34142000,b,l
2025-03-12 08:11:58,0.99990000,204.42044204,s,l
2025-03-12 08:11:58,0.99980000,500.10001122,s,l
2025-03-12 08:11:58,0.99957000,295.47954674,s,l
2025-03-12 10:29:32,0.99980000,230.59104000,s,l
2025-03-12 11:30:07,0.99980000,5.82197311,s,l
2025-03-12 21:37:39,1.00390000,8.20678710,b,m
2025-03-12 21:53:45,0.99983000,8.20678710,s,m
2025-03-13 01:09:52,0.99983000,9.98169688,s,m
2025-03-13 13:44:22,1.00390000,15.94143134,b,m
2025-03-13 14:37:30,1.00899000,17.36688234,b,l
2025-03-13 14:37:30,1.00900000,12.10049766,b,l
2025-03-13 18:28:18,1.00420000,5.00000000,b,l
2025-03-13 18:36:40,1.00420000,30.00000000,b,l
2025-03-13 18:42:18,0.99978000,34.31355000,s,l
2025-03-13 21:04:26,1.00420000,276.23697000,b,l
2025-03-13 21:06:07,1.00420000,92.15300000,b,l
2025-03-13 21:06:41,1.00420000,45.62127000,b,l
2025-03-13 22:57:14,1.00420000,37.21897000,b,l
2025-03-13 22:58:41,1.00420000,20.99987000,b,l
2025-03-13 23:00:17,1.00420000,15.07153000,b,l
2025-03-13 23:01:05,1.00420000,15.41246000,b,l
2025-03-13 23:26:33,1.00420000,405.29442000,b,l
2025-03-13 23:37:40,0.99978000,5.17048502,s,l
2025-03-13 23:53:50,1.00420000,8.26781000,b,l
2025-03-13 23:57:52,0.99978000,401.28160000,s,l
2025-03-14 00:34:13,1.00420000,2.43125000,b,l
2025-03-14 12:16:40,1.00420000,5.04999999,b,l
2025-03-14 14:49:23,0.99979000,10.49060000,s,l
2025-03-14 17:03:09,0.99979000,5.00000000,s,m
2025-03-14 17:11:12,0.99979000,484.61241183,s,l
2025-03-14 17:11:12,0.99956000,515.38758817,s,l
2025-03-14 17:11:28,0.99979000,500.10301183,s,l
2025-03-14 17:11:28,0.99956000,499.89698817,s,l
2025-03-14 17:16:25,0.99979000,500.10301183,s,l
2025-03-14 17:16:25,0.99956000,499.89698817,s,l
2025-03-14 17:16:36,0.99979000,500.10301183,s,l
2025-03-14 17:16:36,0.99956000,499.89698817,s,l
2025-03-14 17:16:47,0.99979000,500.10301183,s,l
2025-03-14 17:16:47,0.99956000,499.89698817,s,l
2025-03-14 17:16:58,0.99979000,500.10301183,s,l
2025-03-14 17:16:58,0.99956000,499.89698817,s,l
2025-03-14 17:17:07,0.99979000,500.10301183,s,l
2025-03-14 17:17:07,0.99956000,499.89698817,s,l
2025-03-14 17:17:25,0.99979000,500.10301183,s,l
2025-03-14 17:17:25,0.99956000,499.89698817,s,l
2025-03-14 17:17:36,0.99979000,500.10301183,s,l
2025-03-14 17:17:36,0.99956000,499.89698817,s,l
2025-03-14 17:17:45,0.99979000,500.10301183,s,l
2025-03-14 17:17:45,0.99956000,499.89698817,s,l
2025-03-14 17:17:56,0.99979000,500.10301183,s,l
2025-03-14 17:17:56,0.99956000,499.89698817,s,l
2025-03-14 17:18:08,0.99979000,500.10301183,s,l
2025-03-14 17:18:08,0.99956000,499.89698817,s,l
2025-03-14 17:18:21,0.99979000,500.10301183,s,l
2025-03-14 17:18:21,0.99956000,208.67712817,s,l
2025-03-14 20:18:59,1.00899000,99.10901000,b,l
2025-03-14 21:17:16,0.99980000,100.02000400,s,l
2025-03-14 21:17:16,0.99979000,305.83356600,s,l
2025-03-14 22:30:46,0.99979000,8.99738000,s,l
2025-03-15 16:56:41,1.00420000,125.53325000,b,l
2025-03-15 18:04:04,0.99979000,86.95504000,s,l
2025-03-15 18:04:05,0.99979000,9.90099000,s,l
2025-03-15 20:35:09,1.00420000,716.05803000,b,l
2025-03-15 21:05:14,0.99979000,1.53821000,s,l
2025-03-15 21:07:16,0.99979000,2.55921000,s,l
2025-03-15 21:36:05,0.99979000,8.05824000,s,l
2025-03-15 22:42:34,1.00420000,66.16009000,b,l
2025-03-15 23:54:29,0.99979000,66.16009000,s,l
2025-03-16 05:21:00,0.99979000,3.53478000,s,l
2025-03-16 06:12:31,0.99979000,97.43594000,s,l
2025-03-16 20:56:42,1.00420000,79.95362689,b,m
2025-03-16 21:05:59,0.99977000,99.00990000,s,l
2025-03-16 21:06:52,0.99977000,99.00990000,s,l
2025-03-16 21:07:20,0.99977000,109.36140000,s,l
2025-03-17 00:27:15,0.99978000,99.10901000,s,l
2025-03-17 05:34:58,0.99978000,300.97900130,s,m
2025-03-17 05:34:58,0.99955000,1200.52932156,s,m
2025-03-17 05:34:58,0.99923000,2001.52458889,s,m
2025-03-17 05:34:58,0.99882000,1510.40574438,s,m
2025-03-17 10:12:49,1.00420000,6.29002000,b,l
2025-03-17 16:34:38,0.99976000,79.95362689,s,m
2025-03-17 17:01:43,0.99976000,98.59434000,s,l
2025-03-17 18:32:14,0.99976000,5.07508000,s,l
2025-03-17 21:19:20,1.00420000,99.57180000,b,l
2025-03-17 21:23:06,1.00420000,10.00000000,b,l
2025-03-18 01:39:45,0.99976000,10.00000000,s,m
2025-03-18 21:25:57,1.00420000,5.00000000,b,m
2025-03-18 22:22:17,1.00420000,8.38348400,b,m
2025-03-18 23:24:22,1.00420000,8.67923300,b,m
2025-03-18 23:35:21,1.00420000,8.55153600,b,m
2025-03-18 23:42:28,0.99978000,25.61425300,s,m
2025-03-19 11:03:46,0.99367000,19.98341376,s,l
2025-03-19 11:03:46,0.98448000,20.31529335,s,l
2025-03-19 11:03:46,0.97537000,10.25251955,s,l
2025-03-19 11:03:46,0.96635000,20.69643503,s,l
2025-03-19 11:03:46,0.90000000,11.11111111,s,l
2025-03-19 11:03:46,0.80110000,11.49419720,s,l
2025-03-19 11:34:17,1.00420000,66.59565137,b,m
2025-03-19 12:56:15,0.99977000,500.11376496,s,l
2025-03-19 12:56:15,0.99954000,115.00161504,s,l
2025-03-19 13:10:11,0.99978000,66.59565137,s,m
2025-03-19 14:39:27,1.00420000,151.27110000,b,l
2025-03-19 15:04:47,1.00420000,99.57179000,b,l
2025-03-19 15:05:21,1.00420000,2.60550000,b,l
2025-03-19 17:56:45,0.99978000,198.01980000,s,l
2025-03-20 15:47:59,1.00000000,12.07180800,b,l
2025-03-20 15:47:59,1.00420000,6.73044200,b,l
2025-03-20 15:59:40,0.99982000,18.80225000,s,l
2025-03-20 17:11:52,0.99982000,20.00000000,s,m
2025-03-20 19:20:04,0.99982000,500.09000872,s,l
2025-03-20 19:20:04,0.99959000,500.50215128,s,l
2025-03-20 19:21:00,0.99982000,500.09000872,s,l
2025-03-20 19:21:00,0.99959000,500.50215128,s,l
2025-03-20 19:21:24,0.99982000,500.09000872,s,l
2025-03-20 19:21:24,0.99959000,500.50215128,s,l
2025-03-20 19:21:35,0.99982000,500.09000872,s,l
2025-03-20 19:21:35,0.99959000,500.50215128,s,l
2025-03-20 19:21:48,0.99982000,500.09000872,s,l
2025-03-20 19:21:48,0.99959000,500.50215128,s,l
2025-03-20 19:21:59,0.99982000,500.09000872,s,l
2025-03-20 19:21:59,0.99959000,500.50215128,s,l
2025-03-20 19:22:13,0.99982000,500.09000872,s,l
2025-03-20 19:22:13,0.99959000,500.50215128,s,l
2025-03-20 19:22:27,0.99982000,500.09000872,s,l
2025-03-20 19:22:27,0.99959000,500.50215128,s,l
2025-03-20 19:23:23,0.99982000,391.72056000,s,l
2025-03-20 23:26:58,1.00420000,4.67532000,b,l
2025-03-21 10:02:26,1.00420000,1.38946000,b,l
2025-03-21 11:14:50,1.00420000,2.14261000,b,l
2025-03-21 16:41:21,1.00420000,18.75176000,b,l
2025-03-21 18:11:02,1.00420000,1.00667000,b,l
2025-03-21 22:46:49,1.00420000,199.23259000,b,l
2025-03-22 15:39:15,0.99982000,199.23259000,s,l
2025-03-22 19:16:24,1.00420000,7.01172172,b,l
2025-03-22 21:25:19,1.00420000,98.69351000,b,l
2025-03-22 22:22:03,1.00420000,244.80077000,b,l
2025-03-22 22:24:25,0.99982000,239.97723000,s,l
2025-03-22 23:38:31,0.99982000,8.66632720,s,l
2025-03-23 16:08:42,0.99980000,18.56610000,s,l
2025-03-24 04:59:04,1.00420000,1.48988000,b,l
2025-03-24 08:16:36,1.00420000,4.93467000,b,l
2025-03-24 11:52:06,0.99982000,1.46197000,s,l
2025-03-24 13:32:49,0.99982000,29.17562000,s,l
2025-03-24 14:40:53,1.00420000,24.89543000,b,l
2025-03-24 15:42:07,1.00420000,6.27661000,b,l
2025-03-24 17:14:27,0.99982000,224.86822000,s,l
2025-03-24 17:50:15,1.00420000,226.64750000,b,l
2025-03-24 17:57:39,1.00420000,134.36197968,b,m
2025-03-24 18:20:27,0.99982000,134.09325831,s,m
2025-03-25 12:00:04,1.00420000,8.19441000,b,l
2025-03-25 15:50:54,0.99980000,5.00000000,s,m
2025-03-25 21:11:06,0.99980000,5.99645000,s,l
2025-03-25 21:11:29,0.99980000,2.11683000,s,l
2025-03-25 21:39:51,0.99980000,4.93466000,s,l
2025-03-25 22:26:44,1.00420000,404.19776000,b,l
2025-03-26 05:38:29,0.99980000,5.28728137,s,l
2025-03-26 08:23:47,1.00420000,2.02000000,b,l
2025-03-26 08:26:13,1.00420000,1.01000000,b,l
2025-03-26 10:38:27,0.99982000,64.16364000,s,l
2025-03-26 12:03:14,0.99982000,29.72208000,s,l
2025-03-26 15:19:11,1.00420000,6.00000000,b,m
2025-03-26 15:39:54,0.99982000,6.00000000,s,m
2025-03-26 16:18:28,0.99982000,38.76991000,s,l
2025-03-27 00:59:13,0.99982000,69.14202000,s,l
2025-03-27 03:55:28,1.00420000,5.97490540,b,l
2025-03-27 06:46:25,0.99982000,1.04209000,s,l
2025-03-27 07:02:31,0.99979000,196.38017000,s,l
2025-03-27 18:54:06,1.00420000,4.87134000,b,l
2025-03-28 05:39:42,0.99979000,30.00630132,s,m
2025-03-28 05:59:42,0.99979000,29.87202461,s,m
2025-03-28 16:18:33,1.00909000,9.20277000,b,l
2025-03-28 17:19:55,1.00909000,1.01061000,b,l
2025-03-28 19:54:35,1.00900000,1.00000000,s,l
2025-03-28 21:18:51,1.00909000,9.82153000,b,l
2025-03-28 21:32:56,0.99988000,2.60935000,s,l
2025-03-28 21:33:27,0.99988000,2.60936000,s,l
2025-03-29 20:30:01,1.00909000,343.96245370,b,m
2025-03-29 20:30:01,1.00910000,56.04095729,b,m
2025-03-30 00:33:36,1.00910000,2.03596000,b,l
2025-03-30 14:57:56,1.00910000,5.00000000,b,m
2025-03-30 19:05:48,0.99986000,124.29035000,s,l
2025-03-30 20:33:21,0.99986000,5.68753458,s,l
2025-03-31 02:47:54,1.00909000,25.06465000,b,l
2025-03-31 04:42:34,0.99986000,0.99168000,s,l
2025-03-31 11:48:28,1.00909000,105.90491458,b,l
2025-03-31 11:48:28,1.00910000,294.09508542,b,l
2025-03-31 12:10:38,1.00910000,31.41683095,b,l
2025-03-31 12:10:38,1.01531000,3.64500905,b,l
2025-03-31 14:11:57,1.01531000,2.32989635,b,l
2025-03-31 14:11:57,1.02045000,7.01172172,b,l
2025-03-31 14:11:57,1.08000000,2.82110193,b,l
2025-03-31 14:40:56,1.08000000,23.14815000,b,l
2025-03-31 16:48:23,1.08000000,7.55547000,b,l
2025-03-31 17:11:32,0.99989000,0.99010000,s,l
2025-03-31 17:18:34,0.99989000,0.99010000,s,l
2025-03-31 17:28:04,0.99989000,0.99010000,s,l
2025-03-31 19:57:45,0.99989000,1.98020000,s,l
2025-03-31 19:59:08,1.00098000,5.00000000,b,l
2025-03-31 19:59:08,1.08000000,5.00000000,b,l
2025-03-31 23:06:00,1.00044000,2.45545000,s,l
2025-04-01 00:38:32,1.04013000,157.52493121,s,l
2025-04-01 00:38:32,1.04013000,61.74240000,s,l
2025-04-01 00:38:32,1.04013000,53.15852809,s,l
2025-04-01 03:10:17,1.08000000,2.79853000,b,l
2025-04-01 03:41:39,1.00021000,2.79853000,s,l
2025-04-02 02:04:07,1.08000000,3.67674807,b,l
2025-04-02 02:04:07,1.08000000,2.23065933,b,l
2025-04-02 02:13:46,1.00020000,10.50000000,s,l
2025-04-02 02:13:46,0.99989000,14.22393200,s,l
2025-04-02 02:17:25,1.08000000,42.76934067,b,l
2025-04-02 02:17:25,1.08000000,1.39926933,b,l
2025-04-02 05:03:24,0.99989000,344.16235785,s,l
2025-04-02 05:03:24,0.99988000,391.38776653,s,l
2025-04-02 05:03:24,0.99987000,57.44215562,s,l
2025-04-02 15:39:53,1.00024000,18.03647689,s,l
2025-04-02 15:39:53,0.99987000,19.19089311,s,l
2025-04-02 22:53:47,1.08000000,43.60073067,b,l
2025-04-02 22:53:47,1.08000000,0.90079933,b,l
2025-04-03 04:43:08,1.08000000,1.00926000,b,l
2025-04-03 05:49:19,1.08000000,23.43210000,b,l
2025-04-03 06:29:27,0.99985000,158.95558880,s,l
2025-04-03 06:29:27,0.99984000,90.84006120,s,l
2025-04-03 07:36:12,0.99987000,500.06500422,s,l
2025-04-03 07:36:12,0.99964000,899.93499578,s,l
2025-04-03 07:36:29,0.99987000,500.06500422,s,l
2025-04-03 07:36:29,0.99964000,600.59159663,s,l
2025-04-03 07:36:29,0.99932000,299.34339915,s,l
2025-04-03 09:31:27,0.99988000,266.84127044,s,l
2025-04-03 09:31:27,0.99987000,500.06500422,s,l
2025-04-03 09:31:27,0.99964000,619.23233534,s,l
2025-04-03 09:31:43,0.99987000,500.06500422,s,l
2025-04-03 09:31:43,0.99964000,193.00430578,s,l
2025-04-03 09:32:19,0.99987000,500.06500422,s,l
2025-04-03 09:32:19,0.99964000,196.93499578,s,l
2025-04-03 09:32:38,0.99987000,500.06500422,s,l
2025-04-03 09:32:38,0.99964000,190.03400578,s,l
2025-04-03 10:22:36,0.99987000,500.06500422,s,l
2025-04-03 10:22:36,0.99964000,886.07360578,s,l
2025-04-03 10:23:06,0.99987000,500.06500422,s,l
2025-04-03 10:23:06,0.99964000,614.45298663,s,l
2025-04-03 10:23:06,0.99932000,271.62061915,s,l
2025-04-03 10:24:52,0.99987000,500.06500422,s,l
2025-04-03 10:24:52,0.99964000,899.93499578,s,l
2025-04-03 10:25:06,0.99987000,500.06500422,s,l
2025-04-03 10:25:06,0.99964000,600.59159663,s,l
2025-04-03 10:25:06,0.99932000,299.34339915,s,l
2025-04-03 10:25:22,0.99987000,500.06500422,s,l
2025-04-03 10:25:22,0.99964000,899.93499578,s,l
2025-04-03 10:25:34,0.99987000,500.06500422,s,l
2025-04-03 10:25:34,0.99964000,600.59159663,s,l
2025-04-03 10:25:34,0.99932000,299.34339915,s,l
2025-04-03 10:25:47,0.99987000,500.06500422,s,l
2025-04-03 10:25:47,0.99964000,899.93499578,s,l
2025-04-03 10:27:13,0.99987000,500.06500422,s,l
2025-04-03 10:27:13,0.99964000,600.59159663,s,l
2025-04-03 10:27:13,0.99932000,299.34339915,s,l
2025-04-03 10:27:47,0.99987000,500.06500422,s,l
2025-04-03 10:27:47,0.99964000,899.93499578,s,l
2025-04-03 10:27:57,0.99987000,500.06500422,s,l
2025-04-03 10:27:57,0.99964000,600.59159663,s,l
2025-04-03 10:27:57,0.99932000,299.34339915,s,l
2025-04-03 10:28:09,0.99987000,500.06500422,s,l
2025-04-03 10:28:09,0.99964000,805.93499578,s,l
2025-04-03 10:29:09,0.99987000,10.00000000,s,l
2025-04-03 10:34:52,0.99987000,31.47549837,s,l
2025-04-03 11:35:18,0.99987000,27.72278000,s,l
2025-04-03 22:24:49,0.99985000,43.62467000,s,l
2025-04-03 22:35:41,1.08000000,1.00000000,b,l
2025-04-03 22:36:37,1.08000000,4.09259000,b,l
2025-04-03 22:37:58,0.99985000,6.10185000,s,l
2025-04-03 22:38:42,1.08000000,1.00926000,b,l
2025-04-03 22:39:35,0.99985000,1.00926000,s,l
2025-04-03 22:39:58,1.08000000,1.00926000,b,l
2025-04-03 22:41:05,0.99985000,1.00025000,s,l
2025-04-04 11:03:09,0.99985000,35.06183000,s,l
2025-04-05 08:46:05,1.08000000,2.70562000,b,l
2025-04-05 09:04:41,0.99985000,149.77337000,s,l
2025-04-05 23:20:14,1.08000000,9.84111067,b,l
2025-04-05 23:20:14,1.08000000,0.47588933,b,l
2025-04-05 23:20:36,0.99985000,10.00000000,s,l
2025-04-06 02:21:21,1.08000000,1.01000000,b,l
2025-04-06 10:28:43,1.08000000,4.62963000,b,l
2025-04-06 10:33:05,1.08000000,5.76793000,b,l
2025-04-06 19:01:29,1.08000000,1.00906000,b,l
2025-04-06 19:45:29,1.08000000,7.25724000,b,l
2025-04-07 01:26:02,1.08000000,18.35334000,b,l
2025-04-07 01:28:43,1.00000000,18.35334000,s,l
2025-04-07 02:19:06,1.06999000,18.03647689,b,l
2025-04-07 02:19:06,1.07000000,18.31663000,b,l
2025-04-07 02:19:06,1.08000000,0.10308311,b,l
2025-04-07 06:54:50,0.99980000,10.18021000,s,l
2025-04-07 06:55:38,0.99980000,5.09010000,s,l
2025-04-07 08:42:18,0.99985000,23.43210000,s,l
2025-04-07 14:40:56,1.08000000,6.39382756,b,l
2025-04-07 14:40:56,1.08000000,16.75432244,b,l
2025-04-07 17:53:11,1.08000000,1.35338956,b,l
2025-04-07 17:53:11,1.08000000,21.49631044,b,l
2025-04-07 19:19:24,1.08000000,23.02114000,b,l
2025-04-08 02:02:26,0.99982000,2.54505000,s,l
2025-04-08 02:06:17,0.99982000,2.54506000,s,l
2025-04-08 04:11:59,1.08000000,373.90520474,b,l
2025-04-08 04:11:59,1.19945000,38.58958526,b,l
2025-04-08 05:31:37,1.00001000,7.19808000,s,l
2025-04-10 04:54:28,1.06999000,5.00000000,b,m
2025-04-10 05:14:43,1.02000000,5.00000000,s,m
2025-04-10 06:27:54,1.02000000,23.02114000,s,l
2025-04-10 12:04:07,1.02000000,54.93964431,s,l
2025-04-10 12:04:07,1.01000000,24.75247524,s,l
2025-04-10 12:04:07,1.00000000,19.52000000,s,l
2025-04-10 12:04:07,0.99986000,51.64353007,s,l
2025-04-10 12:04:07,0.99985000,253.51136038,s,l
2025-04-10 14:29:17,1.06999000,129.17822000,b,l
2025-04-10 15:30:49,0.99987000,6.19176652,s,l
2025-04-11 02:30:52,0.99984000,5.00500000,s,l
2025-04-11 02:30:52,0.99979000,121.62790000,s,l
2025-04-11 06:40:47,1.07000000,10.98780000,b,l
2025-04-11 12:18:00,0.99990000,35.73785000,s,l
2025-04-11 18:34:55,1.07000000,5.55746000,b,l
2025-04-11 21:32:06,1.06000000,4.52531000,b,l
2025-04-12 00:28:38,1.06000000,65.44882000,b,l
2025-04-12 00:31:23,0.99987000,41.58416000,s,l
2025-04-12 00:36:43,0.99987000,13.31566000,s,l
2025-04-12 00:37:54,0.99987000,9.90099000,s,l
2025-04-12 03:25:14,1.05999000,13.38984652,b,l
2025-04-12 03:25:14,1.06000000,12.82073274,b,l
2025-04-12 03:25:14,1.07000000,115.74972074,b,l
2025-04-12 03:55:02,0.99985000,10.54619958,s,l
2025-04-12 03:55:02,0.99984000,37.69873179,s,l
2025-04-12 03:55:02,0.99983000,93.03849863,s,l
2025-04-12 06:37:45,1.07000000,1.11812000,b,l
2025-04-12 15:36:51,1.07000000,1.00935000,b,l
2025-04-12 19:53:25,1.07000000,21.49317000,b,l
2025-04-12 22:13:58,1.00100000,23.14815000,s,l
2025-04-13 15:41:53,1.07000000,46.31216000,b,l
2025-04-13 15:44:04,1.07000000,1.00000000,b,l
2025-04-13 15:46:23,1.07000000,1.00000000,b,l
2025-04-14 16:53:14,1.00100000,2.00000000,s,l
2025-04-14 17:24:45,1.07000000,6.01150000,b,l
2025-04-14 17:26:25,1.00100000,5.89305000,s,l
2025-04-15 06:45:50,1.07000000,1.57857000,b,l
2025-04-15 08:31:35,1.07000000,2.19375042,b,l
2025-04-15 08:31:35,1.07000000,7.06774958,b,l
2025-04-15 12:30:12,1.07000000,3.60099000,b,l
2025-04-15 12:37:39,1.07000000,5.00000000,b,l
2025-04-15 12:38:16,1.07000000,3.65077000,b,l
2025-04-15 13:09:59,1.00100000,3.60099000,s,l
2025-04-20 15:55:16,1.00100000,29.65034965,s,l
2025-04-20 15:55:16,1.00000000,4.92255963,s,l
2025-04-20 21:55:26,1.00000000,57.45744037,s,l
2025-04-20 21:57:21,0.99983000,10.54619958,s,l
2025-04-21 01:00:43,1.00000000,44.70477652,b,l
2025-04-21 01:00:43,1.00000000,44.70528897,b,l
2025-04-21 09:29:50,1.00000000,1001.69940000,b,l
2025-04-21 13:38:02,0.99983000,22.84970000,s,l
2025-04-21 19:54:46,1.00000000,439.34064000,b,l
2025-04-21 20:04:46,0.99987000,1.10705000,s,l
2025-04-21 22:29:49,1.00000000,5.94648000,b,l
2025-04-21 22:31:22,0.99987000,5.94648000,s,l
2025-04-21 23:12:51,1.00000000,9.91080000,b,l
2025-04-21 23:33:33,0.99987000,43.73130000,s,l
2025-04-22 00:39:39,0.99987000,449.27767393,s,l
2025-04-22 00:39:39,0.99966000,952.35501607,s,l
2025-04-22 00:40:14,0.99987000,500.06250393,s,l
2025-04-22 00:40:14,0.99966000,901.57018607,s,l
2025-04-22 01:26:30,1.00000000,5.00000000,b,l
2025-04-22 01:38:00,0.99987000,5.00000000,s,m
2025-04-22 05:37:20,0.99987000,5.04526142,s,l
2025-04-22 05:57:35,1.00000000,996.03568000,b,l
2025-04-22 05:58:03,1.00000000,9.91080000,b,l
2025-04-22 06:01:33,0.99987000,495.01724251,s,l
2025-04-22 06:01:33,0.99966000,510.92923749,s,l
2025-04-22 19:23:06,1.00000000,29.28354000,b,l
2025-04-23 15:22:53,1.00000000,5.66484052,b,m
2025-04-23 19:36:05,1.00000000,138.63493000,b,l
2025-04-23 19:39:32,1.00000000,916.27354000,b,l
2025-04-23 19:45:10,1.00000000,99.99000000,b,l
2025-04-23 19:50:12,0.99988000,500.05750330,s,l
2025-04-23 19:50:12,0.99967000,652.57646670,s,l
2025-04-23 20:29:58,0.99988000,5.00000000,s,m
2025-04-23 23:50:33,1.00000000,1.18562000,b,l
2025-04-23 23:56:51,0.99992000,1.16226000,s,l
2025-04-24 09:57:25,0.99992000,498.87774170,s,l
2025-04-24 09:57:25,0.99972000,1500.42005910,s,l
2025-04-24 09:58:53,0.99989000,500.05500312,s,l
2025-04-24 09:58:53,0.99969000,500.15504806,s,l
2025-04-24 09:58:53,0.99942000,1194.74837164,s,l
2025-04-24 14:49:32,1.07000000,7.37569000,b,l
2025-04-24 16:29:21,0.99993000,18.49615189,s,l
2025-04-24 16:29:21,0.99989000,416.49457811,s,l
2025-04-24 17:38:36,0.99989000,8.88700000,s,l
2025-04-24 17:52:00,1.07000000,5.14065000,b,l
2025-04-24 18:58:39,0.99989000,21.09055000,s,l
2025-04-24 19:44:48,1.00208000,5.66484052,b,m
2025-04-25 16:33:10,1.07000000,8.33619000,b,l
2025-04-25 19:09:09,1.07000000,1.20563000,b,l
2025-04-25 20:42:35,0.99989000,28.27328000,s,l
2025-04-25 22:00:45,0.99989000,471.78172312,s,l
2025-04-25 22:00:45,0.99966000,1500.49658247,s,l
2025-04-25 22:00:45,0.99934000,2501.63053199,s,l
2025-04-25 22:00:45,0.99893000,5005.35286427,s,l
2025-04-25 22:00:45,0.99840000,5008.00640441,s,l
2025-04-25 22:00:45,0.99737000,5013.16730842,s,l
2025-04-25 22:00:45,0.99483000,5025.96719798,s,l
2025-04-25 22:00:45,0.99232000,5038.67380049,s,l
2025-04-25 22:00:45,0.98977000,5434.92358685,s,l
2025-04-26 01:06:08,0.99990000,2.14261000,s,l
2025-04-26 08:32:12,1.07000000,10.28576000,b,l
2025-04-26 19:32:32,1.07000000,4.68085000,b,l
2025-04-26 19:37:35,0.99987000,0.99010000,s,l
2025-04-26 19:38:07,0.99986000,2.20455000,s,l
2025-04-26 19:43:53,1.07000000,2.76947000,b,l
2025-04-26 19:44:51,1.07000000,1.96609000,b,l
2025-04-26 20:30:13,1.07000000,8.95433000,b,l
2025-04-27 09:37:43,0.99984000,500.08000640,s,l
2025-04-27 09:37:43,0.99959000,499.91999360,s,l
2025-04-27 14:56:28,0.99985000,500.07250525,s,l
2025-04-27 14:56:28,0.99962000,495.32574885,s,l
2025-04-27 21:04:58,0.99985000,4.95050000,s,l
2025-04-27 22:33:08,1.07000000,11.66534000,b,l
2025-04-27 22:33:08,1.07000000,10.38851000,b,l
2025-04-27 22:51:06,0.99985000,0.99010000,s,l
2025-04-28 12:32:57,0.99987000,22.05385000,s,l
2025-04-29 14:56:30,1.07000000,1.00900000,b,l
2025-04-29 15:16:58,1.07000000,8.67890000,b,l
2025-04-29 22:14:39,1.07000000,6.34627000,b,l
2025-04-30 15:48:15,1.07000000,2.42969000,b,l
2025-05-01 18:51:32,0.99987000,8.59297000,s,l
2025-05-02 17:26:07,0.99987000,500.06500422,s,l
2025-05-02 17:26:07,0.99985000,100.00000000,s,l
2025-05-02 17:26:07,0.99964000,249.93499578,s,l
2025-05-03 01:16:35,1.07000000,0.90012937,b,l
2025-05-03 01:16:35,1.07000000,0.42066063,b,l
2025-05-03 01:17:48,1.07000000,9.26243000,b,l
2025-05-03 01:18:14,1.07000000,4.67290000,b,l
2025-05-03 06:18:30,0.99988000,9.26243000,s,l
2025-05-03 13:25:55,0.99987000,500.06500422,s,l
2025-05-03 13:25:55,0.99964000,901.57268578,s,l
2025-05-03 13:26:14,0.99987000,500.06500422,s,l
2025-05-03 13:26:14,0.99964000,901.57268578,s,l
2025-05-03 13:36:04,0.99987000,500.06500422,s,l
2025-05-03 13:36:04,0.99964000,901.57268578,s,l
2025-05-03 13:36:20,0.99987000,500.06500422,s,l
2025-05-03 13:36:20,0.99964000,901.57268578,s,l
2025-05-03 13:36:39,0.99987000,500.06500422,s,l
2025-05-03 13:36:39,0.99964000,901.57268578,s,l
2025-05-03 13:36:53,0.99987000,500.06500422,s,l
2025-05-03 13:36:53,0.99964000,901.57268578,s,l
2025-05-03 13:37:06,0.99987000,500.06500422,s,l
2025-05-03 13:37:06,0.99964000,901.57268578,s,l
2025-05-03 13:37:20,0.99987000,500.06500422,s,l
2025-05-03 13:37:20,0.99964000,901.57268578,s,l
2025-05-03 13:37:34,0.99987000,500.06500422,s,l
2025-05-03 13:37:34,0.99964000,901.57268578,s,l
2025-05-03 13:37:51,0.99987000,500.06500422,s,l
2025-05-03 13:37:51,0.99964000,901.57268578,s,l
2025-05-03 13:38:03,0.99988000,79.00948113,s,l
2025-05-03 13:38:03,0.99987000,500.06500422,s,l
2025-05-03 13:38:03,0.99964000,822.56320465,s,l
2025-05-03 13:38:28,0.99987000,500.06500422,s,l
2025-05-03 13:38:28,0.99964000,677.96338776,s,l
2025-05-03 13:38:28,0.99932000,223.60929802,s,l
2025-05-03 13:38:54,0.99987000,500.06500422,s,l
2025-05-03 13:38:54,0.99964000,901.57268578,s,l
2025-05-03 13:39:15,0.99987000,500.06500422,s,l
2025-05-03 13:39:15,0.99964000,901.57268578,s,l
2025-05-03 13:39:30,0.99987000,500.06500422,s,l
2025-05-03 13:39:30,0.99964000,901.57268578,s,l
2025-05-03 13:39:44,0.99987000,500.06500422,s,l
2025-05-03 13:39:44,0.99964000,901.57268578,s,l
2025-05-03 13:40:10,0.99987000,500.06500422,s,l
2025-05-03 13:40:10,0.99964000,901.57268578,s,l
2025-05-03 13:40:31,0.99987000,500.06500422,s,l
2025-05-03 13:40:31,0.99964000,901.57268578,s,l
2025-05-03 13:41:14,0.99987000,500.06500422,s,l
2025-05-03 13:41:14,0.99964000,901.57268578,s,l
2025-05-03 13:41:33,0.99987000,500.06500422,s,l
2025-05-03 13:41:33,0.99964000,901.57268578,s,l
2025-05-03 13:41:56,0.99987000,500.06500422,s,l
2025-05-03 13:41:56,0.99964000,901.57268578,s,l
2025-05-03 13:42:15,0.99987000,500.06500422,s,l
2025-05-03 13:42:15,0.99964000,901.57268578,s,l
2025-05-03 13:42:30,0.99987000,285.70544000,s,l
2025-05-03 15:09:20,1.06996000,4.67260000,b,l
2025-05-03 15:15:01,0.99987000,4.67260000,s,l
2025-05-03 17:53:40,1.06997000,12.09808000,b,l
2025-05-03 17:58:35,0.99988000,12.09808000,s,l
2025-05-03 19:49:23,1.06995000,46.31433000,b,l
2025-05-04 05:12:48,1.06932000,20.59707113,b,l
2025-05-04 05:12:48,1.06933000,15.05402887,b,l
2025-05-04 05:14:12,1.00000000,35.29812000,s,l
2025-05-04 08:21:39,1.00001000,20.44188824,s,l
2025-05-04 08:21:39,1.00000000,22.80188000,s,l
2025-05-04 08:21:39,0.99987000,458.75623176,s,l
2025-05-04 08:23:16,0.99987000,150.00000000,s,l
2025-05-04 08:24:06,0.99987000,150.00000000,s,l
2025-05-04 08:24:48,0.99987000,100.00000000,s,l
2025-05-04 08:26:07,0.99987000,99.69940000,s,l
2025-05-04 10:54:46,1.07000000,85.64400937,b,l
2025-05-04 10:54:46,1.14998000,5.63302063,b,l
2025-05-05 00:37:26,0.99991000,8.60077406,s,l
2025-05-05 00:38:50,0.99990000,8.58357251,s,l
2025-05-05 00:40:26,0.99990000,15.14935783,s,l
2025-05-05 01:44:21,0.99990000,6.31909864,s,m
2025-05-05 02:38:18,1.00000000,8.73723000,b,l
2025-05-05 03:33:28,0.99990000,5.15039756,s,l
2025-05-06 06:45:52,0.99990000,35.95371285,s,l
2025-05-06 06:45:52,0.99987000,9.89990715,s,l
2025-05-06 18:30:52,0.99987000,45.85577000,s,l
2025-05-07 01:42:43,1.00000000,0.00000176,b,l
2025-05-07 01:42:43,1.00999000,1.55866824,b,l
2025-05-07 15:14:12,0.99987000,8.65077000,s,l
2025-05-07 16:11:22,1.01000000,5.14009653,b,l
2025-05-07 16:11:22,1.06700000,4.50656347,b,l
2025-05-07 17:19:39,1.06700000,8.70338000,b,l
2025-05-07 19:15:42,1.00010000,1.01000000,s,l
2025-05-07 23:22:48,1.00011000,4.67290000,s,l
2025-05-07 23:26:03,1.06700000,22.67186219,b,l
2025-05-08 00:19:48,1.00012000,27.34476220,s,l
2025-05-08 00:50:06,1.00012000,1.84158000,s,l
2025-05-08 09:59:18,1.06900000,38.72914297,b,l
2025-05-08 09:59:18,1.07000000,30.92771703,b,l
2025-05-08 13:26:53,1.00101000,8.94989000,s,l
2025-05-08 15:27:31,1.06997000,8.67914000,b,l
2025-05-08 16:06:38,1.00101000,78.92029050,s,l
2025-05-08 16:06:38,1.00100000,55.54445554,s,l
2025-05-08 16:06:38,1.00010000,23.98750030,s,l
2025-05-08 16:06:38,1.00010000,24.99750030,s,l
2025-05-08 16:06:38,1.00000000,33.03000000,s,l
2025-05-08 16:06:38,0.99987000,135.59355285,s,l
2025-05-08 16:06:38,0.99987000,500.06500422,s,l
2025-05-08 16:06:38,0.99964000,1500.52659241,s,l
2025-05-08 16:06:38,0.99932000,1647.33510388,s,l
2025-05-08 16:56:03,1.06589000,9.29815000,b,l
2025-05-08 17:52:00,1.06587000,5.20701000,b,l
2025-05-08 18:16:09,1.00003000,69.65685000,s,l
2025-05-08 20:50:08,1.06589000,64.68588049,b,l
2025-05-08 20:50:08,1.06590000,24.99750030,b,l
2025-05-08 20:50:08,1.06998000,29.05051363,b,l
2025-05-08 20:50:08,1.07000000,27.05608297,b,l
2025-05-08 20:50:08,1.07000000,32.62508261,b,l
2025-05-08 20:51:10,1.00013000,78.98973133,s,l
2025-05-08 20:51:10,1.00010000,24.99750030,s,l
2025-05-08 20:51:10,1.00000000,74.42782837,s,l
2025-05-08 21:30:57,1.06588000,3.28993000,b,l
2025-05-09 11:26:23,1.00010000,31.07689231,s,l
2025-05-09 11:26:23,1.00000000,31.64000000,s,l
2025-05-09 11:26:23,1.00000000,25.45977769,s,l
2025-05-09 12:39:34,1.00001000,6.43717786,s,l
2025-05-09 13:04:50,1.00000000,8.60000000,s,l
2025-05-09 20:52:01,1.05397000,9.08007000,b,l
2025-05-09 21:55:53,1.05397000,13.77847000,b,l
2025-05-09 21:56:30,1.00001000,5.00000000,s,l
2025-05-09 21:56:30,1.00000000,8.50698000,s,l
2025-05-10 02:07:01,1.00000000,0.99010000,s,l
2025-05-11 03:06:06,1.00982000,56.13119134,b,l
2025-05-11 03:06:06,1.00983000,380.44990645,b,l
2025-05-11 03:06:06,1.00984000,390.60499260,b,l
2025-05-11 03:06:06,1.01019000,14.72686050,b,l
2025-05-11 03:06:06,1.01800000,17.26146911,b,l
2025-05-11 08:38:59,1.00134000,22.27032584,s,l
2025-05-11 08:38:59,1.00003000,17.53947381,s,l
2025-05-11 08:38:59,1.00002000,384.18201635,s,l
2025-05-11 08:38:59,1.00001000,393.65576344,s,l
2025-05-11 08:38:59,1.00000000,33.02016056,s,l
2025-05-11 09:36:42,1.00003000,9.71269108,s,l
2025-05-11 19:44:22,1.00000000,15.28717322,s,m
2025-05-11 19:51:15,1.04499000,9.71269108,b,l
2025-05-11 19:51:15,1.04500000,13.75769892,b,l
2025-05-12 01:44:22,1.04499000,14.45028150,b,m
2025-05-12 07:44:22,1.00002000,14.37971240,s,m
2025-05-12 07:44:22,1.00000000,0.07056910,s,m
2025-05-12 07:47:20,1.00004000,24.50244104,s,l
2025-05-12 07:47:20,1.00000000,81.35323896,s,l
2025-05-12 12:37:56,1.01800000,9.73391000,b,l
2025-05-12 19:44:20,1.02500000,7.91611643,b,m
2025-05-12 19:44:20,1.03724000,6.35596286,b,m
2025-05-13 01:44:22,1.00004000,14.27207929,s,m
2025-05-13 15:07:56,1.03000000,5.00000000,b,l
2025-05-13 15:08:04,1.00004000,3.70720153,s,l
2025-05-13 19:43:10,1.00003000,5.47509000,s,l
2025-05-13 19:56:38,1.02997000,24.50244104,b,m
2025-05-13 19:56:38,1.02998000,0.49680896,b,m
2025-05-14 08:18:26,1.00002000,5.13989720,s,l
2025-05-14 08:18:26,1.00001000,78.67267280,s,l
2025-05-14 08:46:15,1.01800000,18.64254000,b,l
2025-05-14 19:05:59,1.00002000,1.32079000,s,l
2025-05-14 23:14:36,1.01800000,1.91239000,b,l
2025-05-15 00:40:14,1.01800000,5.84134000,b,l
2025-05-15 01:09:18,1.00002000,17.61883120,s,l
2025-05-15 01:09:18,1.00001000,0.85741880,s,l
2025-05-15 09:40:49,1.00002000,1.43429000,s,l
2025-05-15 17:52:00,1.01800000,5.45187000,b,l
2025-05-15 20:11:08,1.01800000,4.86778000,b,l
2025-05-15 20:25:15,1.00002000,1.29279000,s,l
2025-05-15 23:06:04,1.00002000,5.12276300,s,m
2025-05-15 23:06:04,1.00001000,19.87648700,s,m
2025-05-16 00:16:40,1.01800000,8.73102161,b,m
2025-05-16 00:24:46,1.00002000,8.73102161,s,m
2025-05-16 04:20:29,1.00002000,1.76876839,s,l
2025-05-16 04:20:29,1.00002000,3.18173161,s,l
2025-05-16 08:37:29,1.01019000,64.47301993,b,m
2025-05-16 08:37:34,1.00002000,5.68809099,s,m
2025-05-16 08:37:34,1.00001000,63.76320998,s,m
2025-05-16 17:52:41,1.00002000,2.01580000,s,l
2025-05-17 01:12:36,1.00002000,2.97030000,s,l
2025-05-18 09:29:17,1.00002000,32.90982785,s,l
2025-05-19 01:03:40,1.00999000,190.34842000,b,l
2025-05-19 01:05:36,1.00002000,27.23276929,s,l
2025-05-19 01:05:36,1.00001000,106.82751144,s,l
2025-05-19 01:05:36,1.00000000,56.28813927,s,l
2025-05-19 13:34:44,1.00999000,61.44783000,b,l
2025-05-19 22:32:32,1.00999000,50.00000000,b,m
2025-05-19 22:55:39,1.00999000,5.22445000,b,l
2025-05-20 00:05:13,1.00999000,1.25603000,b,l
2025-05-20 00:32:01,1.00000000,5.16715132,s,l
2025-05-20 13:20:05,1.00000000,9.56061000,s,l
2025-05-20 13:44:21,1.00999000,13.33984963,b,m
2025-05-20 19:40:16,1.00000000,1.25603000,s,l
2025-05-20 19:44:21,1.00000000,13.33984963,s,m
2025-05-20 20:58:46,1.00999000,3.07851679,b,l
2025-05-20 20:58:46,1.01000000,27.84199321,b,l
2025-05-21 14:26:20,1.01000000,9.81268000,b,l
2025-05-21 21:15:55,1.00001000,60.23707000,s,l
2025-05-21 23:42:19,1.00999000,49.50544065,b,m
2025-05-21 23:42:32,1.00001000,49.50544065,s,m
2025-05-22 01:12:37,1.00999000,10.63715649,b,l
2025-05-22 01:12:37,1.00999000,60.23706999,b,l
2025-05-22 01:12:37,1.00999000,49.50544065,b,l
2025-05-22 01:12:37,1.01000000,44.47448287,b,l
2025-05-22 01:13:02,1.01000000,50.05582970,b,m
2025-05-22 01:20:36,1.00001000,163.22193000,s,l
2025-05-22 01:27:42,1.01000000,40.75644375,b,l
2025-05-22 01:27:42,1.04799000,20.68925625,b,l
2025-05-22 04:43:44,1.04800000,20.41986185,b,l
2025-05-22 04:54:09,1.03918000,5.64691000,s,l
2025-05-22 17:12:02,1.04800000,8.86109000,b,l
2025-05-22 17:52:00,1.04800000,5.29580000,b,l
2025-05-22 23:02:20,1.04800000,53.68398084,b,l
2025-05-22 23:02:20,1.05491000,66.90717916,b,l
2025-05-22 23:03:15,1.03918000,12.24020794,s,l
2025-05-22 23:03:15,1.00003000,19.88940331,s,l
2025-05-22 23:03:15,1.00001000,86.08542875,s,l
2025-05-23 00:32:49,1.00047000,6.74979000,s,l
2025-05-24 06:45:15,1.04800000,10.00000000,b,l
2025-05-24 16:15:44,1.04800000,9.88940331,b,l
2025-05-24 16:15:44,1.05491000,161.71092335,b,l
2025-05-24 16:16:09,1.05492000,392.86845131,b,l
2025-05-24 16:16:09,1.06012000,38.30697979,b,l
2025-05-24 16:16:09,1.06590000,24.99750030,b,l
2025-05-24 16:16:09,1.07000000,23.13059454,b,l
2025-05-24 16:16:09,1.07000000,20.69647406,b,l
2025-05-24 17:22:58,1.07000000,1.89208000,b,l
2025-05-24 17:23:58,1.07000000,18.69159000,b,l
2025-05-25 02:20:29,1.04000000,74.83461549,s,l
2025-05-25 02:20:43,1.00222000,18.11116471,s,l
2025-05-25 02:20:43,1.00220000,19.88801119,s,l
2025-05-25 02:20:43,1.00200000,52.48370195,s,l
2025-05-25 02:20:43,1.00089000,5.00000000,s,l
2025-05-25 02:20:43,1.00010000,24.99750030,s,l
2025-05-25 02:20:43,1.00008000,413.58281337,s,l
2025-05-25 02:20:43,1.00007000,388.24738528,s,l
2025-05-25 07:04:19,1.00005000,10.00000000,s,l
2025-05-25 18:53:18,1.04540000,11.72128000,b,l
2025-05-26 14:16:23,1.00009000,10.05959761,s,l
2025-05-26 14:16:23,1.00007000,8.63199239,s,l
2025-05-27 00:33:51,1.03789000,18.11116471,s,l
2025-05-27 00:35:11,1.03790000,12.70536471,b,l
2025-05-27 00:36:09,1.04300000,8.17890005,b,l
2025-05-27 00:38:19,1.04300000,61.07449995,b,m
2025-05-27 00:38:19,1.04600000,9.12485660,b,m
2025-05-27 00:43:04,1.04600000,2.68539680,b,l
2025-05-27 00:43:04,1.04800000,10.32810456,b,l
2025-05-27 00:43:04,1.05652000,71.32720864,b,l
2025-05-27 00:46:20,1.05612000,2.84030000,b,l
2025-05-27 00:58:41,1.05467000,3.44660000,b,l
2025-05-27 00:59:55,1.01981000,3.41248000,s,l
2025-05-27 14:54:17,1.04966000,323.91441038,b,m
2025-05-27 14:56:56,1.01981000,36.36558920,s,m
2025-05-27 16:31:52,1.04751000,1.26781000,b,l
2025-05-27 17:00:18,1.04751000,10.84483000,b,l
2025-05-27 18:05:05,1.00123000,1.25526000,s,l
2025-05-27 18:06:23,1.00123000,13.66025577,s,m
2025-05-27 18:06:23,1.00100000,20.03311345,s,m
2025-05-27 18:12:38,1.04749000,1.56671000,b,l
2025-05-27 18:14:38,1.04748000,1.05184000,b,l
2025-05-27 19:03:32,1.00101000,2.56696000,s,l
2025-05-27 19:15:28,1.04748000,2.26628000,b,l
2025-05-27 20:47:23,1.04748000,11.59739577,b,l
2025-05-27 20:48:21,1.04749000,9.08577746,b,l
2025-05-27 22:22:23,1.00143000,10.73746000,s,l
2025-05-27 23:05:56,1.00103000,2.81221000,s,l
2025-05-28 00:51:15,1.01110000,16.23418934,s,l
2025-05-28 02:01:03,1.01591000,15.35569096,s,l
2025-05-28 03:39:17,1.00267000,5.64938414,s,l
2025-05-28 04:05:19,1.01589000,47.08240000,b,l
2025-05-28 04:44:12,1.01589000,18.17269543,b,l
2025-05-28 05:32:00,1.01589000,19.68717000,b,l
2025-05-28 06:09:32,1.00267000,9.90907478,s,l
2025-05-28 06:09:32,1.00100000,59.94005994,s,l
2025-05-28 06:09:32,1.00007000,100.36367454,s,l
2025-05-28 06:09:32,1.00007000,47.82715209,s,l
2025-05-28 06:09:32,1.00007000,18.46020778,s,l
2025-05-28 06:09:32,1.00007000,19.99860009,s,l
2025-05-28 06:09:32,1.00006000,60.14639121,s,l
2025-05-28 06:09:32,1.00000000,174.52000000,s,l
2025-05-28 06:09:32,0.99900000,48.61468743,s,l
2025-05-28 06:09:32,0.99001000,79.79717376,s,l
2025-05-28 06:09:32,0.99000000,55.55555555,s,l
2025-05-28 06:09:32,0.96253000,161.36040369,s,l
2025-05-28 06:09:32,0.96249000,367.88309489,s,l
2025-05-28 06:09:32,0.96248000,645.51938550,s,l
2025-05-28 06:09:32,0.95100000,224.82158875,s,l
2025-05-28 06:09:44,0.96269000,161.53544999,s,l
2025-05-28 06:09:44,0.96265000,1913.18160001,s,l
2025-05-28 06:09:54,0.96270000,2074.71705000,s,l
2025-05-28 06:10:03,0.96274000,161.52798121,s,l
2025-05-28 06:10:03,0.96270000,1913.18906879,s,l
2025-05-28 06:10:13,0.99800000,224.81934053,b,l
2025-05-28 06:10:13,0.99800000,0.00224822,b,l
2025-05-28 06:10:13,0.96280000,2074.71705000,s,l
2025-05-28 06:10:22,0.96280000,2074.71705000,s,l
2025-05-28 06:10:33,0.96284000,159.91381486,s,l
2025-05-28 06:10:33,0.96280000,1914.80323514,s,l
2025-05-28 06:10:43,0.96289000,159.91381486,s,l
2025-05-28 06:10:43,0.96285000,1277.06683514,s,l
2025-05-28 07:07:26,1.01583000,2.59054000,b,l
2025-05-28 07:10:21,0.96492000,2.42841000,s,l
2025-05-28 11:08:22,0.99630000,9.71089332,s,l
2025-05-28 22:50:23,1.00993000,81.45086000,b,l
2025-05-28 22:51:44,0.99630000,21.87377097,s,l
2025-05-28 22:51:44,0.97000000,45.23711340,s,l
2025-05-28 22:51:44,0.96249000,13.88911563,s,l
2025-05-28 23:10:30,1.00986000,18.09049288,s,l
2025-05-28 23:11:10,0.99000000,287.73342462,b,l
2025-05-28 23:11:43,0.96179000,18.09049288,s,m
2025-05-28 23:38:11,1.00990000,1.28713000,b,l
2025-05-29 09:26:44,1.00993000,78.07506000,b,l
2025-05-29 09:28:43,0.99980000,55.43488695,s,l
2025-05-29 09:28:43,0.99980000,21.86714305,s,l
2025-05-29 10:18:48,0.99980000,11.60523000,s,l
2025-05-29 16:07:26,1.00989000,19.62710000,b,l
2025-05-29 17:52:00,1.00996000,5.49527000,b,l
2025-05-29 19:44:21,1.00400000,13.48706236,b,m
2025-05-29 22:11:35,1.00399000,13.01258000,b,l
2025-05-30 00:30:57,1.00099000,1.01021000,b,l
2025-05-30 11:40:35,1.00400000,89.10488000,b,l
2025-05-30 11:48:56,0.99981000,87.34916000,s,l
2025-05-30 12:32:09,0.99981000,5.87577330,s,l
2025-05-30 13:48:30,1.00400000,1.01583000,b,l
2025-05-30 14:21:32,0.99981000,19.68716000,s,l
2025-05-30 16:01:33,1.00400000,2.55213000,b,l
2025-05-30 16:02:38,0.99981000,2.55213000,s,l
2025-05-30 17:25:10,1.00400000,4.97998000,b,l
2025-05-30 17:25:17,1.00400000,5.88810800,b,m
2025-05-30 19:06:47,0.99981000,2.42841000,s,l
2025-05-30 19:22:28,0.99981000,5.88810800,s,m
2025-05-30 19:51:33,1.00400000,5.91276400,b,m
2025-05-30 21:50:43,0.99981000,5.91276400,s,m
2025-05-30 22:48:55,0.99981000,70.44053295,s,m
2025-05-31 00:04:29,1.00400000,9.60967000,b,l
2025-05-31 00:24:56,0.97060000,5.94059000,s,l
2025-05-31 03:47:36,1.00400000,19.29123000,b,l
2025-05-31 04:44:32,1.00400000,44.02796000,b,l
2025-05-31 04:47:32,0.99981000,18.23221000,s,l
2025-05-31 04:49:46,0.99981000,54.69665000,s,l
2025-05-31 20:42:35,0.99981000,1.00000000,s,l
2025-06-01 00:03:43,1.00088000,57.48701376,b,l
2025-06-01 00:03:43,1.00099000,37.56890624,b,l
2025-06-01 00:42:18,0.97800000,200.67484662,s,l
2025-06-01 00:42:18,0.97800000,71.75101268,b,l
2025-06-01 02:26:33,1.00400000,5.40457800,b,m
2025-06-01 02:26:49,0.99981000,5.40457800,s,m
2025-06-01 20:13:14,1.00400000,5.97230500,b,m
2025-06-01 22:08:34,0.99981000,5.97230500,s,m
2025-06-01 23:11:55,0.99981000,13.01258000,s,l
2025-06-01 23:20:46,0.99982000,97.08397494,s,l
2025-06-01 23:20:46,0.99981000,481.11012605,s,l
2025-06-01 23:20:46,0.99961000,412.32538655,s,l
2025-06-02 03:56:13,1.00899000,62.35069000,b,l
2025-06-02 06:20:07,0.99982000,50.05582970,s,m
2025-06-02 12:33:13,1.00899000,252.60443941,b,l
2025-06-02 12:33:13,1.00899000,44.72259059,b,l
2025-06-02 12:35:15,0.99981000,12.86684467,s,l
2025-06-02 12:35:15,0.99981000,183.92896533,s,l
2025-06-02 12:52:47,0.99981000,116.12814551,s,l
2025-06-02 12:52:47,0.99980000,181.19887449,s,l
2025-06-02 22:16:22,1.00899000,4.56418000,b,l
2025-06-03 01:44:21,0.99980000,13.48706236,s,m
2025-06-03 06:33:50,1.00899000,2.73020000,b,l
2025-06-03 08:57:49,0.99981000,1.98020000,s,l
2025-06-03 21:06:30,1.00898000,20.51890288,b,m
2025-06-03 21:06:30,1.00899000,410.02698956,b,m
2025-06-03 21:06:30,1.00900000,113.72718530,b,m
2025-06-04 04:01:34,0.99981000,29.70297000,s,l
2025-06-04 04:08:16,0.99981000,30.00000000,s,l
2025-06-04 04:34:21,0.99981000,18.81188000,s,l
2025-06-04 05:34:42,0.99981000,20.37120000,s,l
2025-06-04 07:39:39,1.00900000,6.93687000,b,l
2025-06-04 14:37:55,1.00900000,53.50690470,b,l
2025-06-04 14:37:55,1.00999000,44.67327530,b,l
2025-06-04 18:51:51,0.99979000,1.11111000,s,l
2025-06-04 18:57:43,0.99979000,1.61909000,s,l
2025-06-04 22:56:13,1.00997000,2.98111000,b,l
2025-06-04 22:58:50,0.99980000,2.98111000,s,l
2025-06-04 23:35:27,0.99980000,7.77116969,s,l
2025-06-05 03:45:51,1.00997000,19.62593000,b,l
2025-06-05 05:07:44,1.00997000,1.79753000,b,l
2025-06-05 06:21:57,1.00997000,2.69857000,b,l
2025-06-05 07:10:22,1.00997000,1.96259000,b,l
2025-06-05 08:00:23,0.99980000,0.99010000,s,l
2025-06-05 08:24:50,0.99980000,0.99010000,s,l
2025-06-05 08:51:50,0.99980000,0.99010000,s,l
2025-06-05 13:33:42,1.00997000,25.14704470,b,l
2025-06-05 13:33:42,1.00997000,13.48247968,b,l
2025-06-05 15:16:34,1.00998000,4.67190000,b,l
2025-06-05 18:13:12,1.00998000,31.58763000,b,l
2025-06-05 18:34:31,0.99980000,1.79753000,s,l
2025-06-05 19:19:47,0.99980000,4.67190000,s,l
2025-06-05 22:13:38,0.99970000,0.99010000,s,l
2025-06-06 03:50:20,1.00997000,9.43973001,b,m
2025-06-06 03:50:20,1.00998000,0.56327099,b,m
2025-06-06 04:09:42,1.00998000,8.85377000,b,l
2025-06-06 05:03:03,1.00998000,1.01278000,b,l
2025-06-06 06:03:24,0.99983000,29.70297000,s,l
2025-06-06 16:26:50,1.00997000,9.90128000,b,l
2025-06-06 18:29:05,1.00997000,19.80169000,b,l
2025-06-06 18:29:05,1.00998000,49.38385092,b,l
2025-06-06 18:29:05,1.01000000,60.14639121,b,l
2025-06-06 18:29:05,1.01598000,74.74215170,b,l
2025-06-06 18:29:05,1.02117000,36.85473988,b,l
2025-06-06 18:29:05,1.02743000,38.62952438,b,l
2025-06-06 18:29:05,1.03424000,25.52675191,b,l
2025-06-06 18:29:29,0.99988000,10.00300100,s,m
2025-06-06 19:32:47,1.00015000,7.17735299,s,l
2025-06-07 05:19:30,1.03424000,9.99850000,b,m
2025-06-07 05:20:44,1.00250000,9.99850000,s,m
2025-06-07 05:28:51,1.00001000,0.99010000,s,l
2025-06-07 05:29:29,1.03424000,1.01081000,b,l
2025-06-07 06:06:00,1.03424000,1.01094000,b,l
2025-06-07 11:24:06,1.03424000,1.13863000,b,l
2025-06-07 16:29:03,1.00000000,8.16745299,s,l
2025-06-07 16:33:27,1.00000000,9.99850000,s,l
2025-06-07 20:54:36,1.03423000,18.16595299,b,l
2025-06-08 03:22:30,1.00010000,2.22225000,s,l
2025-06-08 03:28:03,1.03424000,13.69469783,b,m
2025-06-08 05:27:20,1.03424000,20.12306622,b,l
2025-06-08 06:52:12,1.02512000,5.72740000,s,l
2025-06-08 06:53:14,1.03424000,1.01524000,b,l
2025-06-08 12:06:29,1.02513000,5.72740000,s,l
2025-06-08 12:06:29,1.02512000,2.95192000,s,l
2025-06-08 12:06:51,1.03423000,5.72740000,b,l
2025-06-08 13:51:11,1.02512000,8.87959994,s,l
2025-06-08 13:51:11,1.00010000,16.96583119,s,l
2025-06-08 13:51:11,1.00005000,18.68906554,s,l
2025-06-08 13:51:11,1.00002000,17.12965740,s,l
2025-06-08 13:51:11,1.00000000,0.83404701,s,l
2025-06-08 13:51:11,1.00000000,17.91000000,s,l
2025-06-08 13:51:11,0.99979000,218.66551892,s,l
2025-06-08 13:54:07,1.03420000,17.91717928,b,l
2025-06-08 13:54:07,1.03422000,4.42219806,b,l
2025-06-08 19:27:52,1.01474000,13.69469783,s,m
2025-06-08 22:20:55,1.01474000,27.61105302,s,l
2025-06-08 22:20:55,1.01474000,27.61105302,s,l
2025-06-09 04:23:39,0.99981000,8.26156969,s,l
2025-06-09 04:23:39,0.99980000,19.28385677,s,l
2025-06-09 04:23:39,0.99979000,19.13401814,s,l
2025-06-09 04:23:39,0.99978000,15.67124540,s,l
2025-06-09 06:33:46,1.02401000,5.56960500,b,m
2025-06-09 20:27:31,1.02300000,3.08824000,b,l
2025-06-10 00:50:05,0.99978000,5.56960500,s,m
2025-06-10 04:20:40,1.02754000,9.77870784,b,m
2025-06-10 06:46:59,1.01033000,3.11870000,b,l
2025-06-10 07:48:12,1.02300000,9.77526662,b,m
2025-06-10 07:48:12,1.02300000,7.48077731,b,m
2025-06-10 07:48:12,1.02310000,1.44349951,b,m
2025-06-10 07:48:30,1.02310000,9.77421600,b,m
2025-06-10 08:26:01,0.99980000,32.29775146,s,m
2025-06-10 08:26:01,0.99971000,217.70993587,s,m
2025-06-10 08:26:01,0.99970000,166.76680802,s,m
2025-06-10 08:32:37,0.99970000,7.75574577,s,m
2025-06-10 08:32:37,0.99403000,2.01847023,s,m
2025-06-10 09:58:05,1.01092000,4.90182000,b,l
2025-06-10 10:15:46,0.99977000,4.85329000,s,l
2025-06-10 12:21:28,1.01502000,9.77431115,b,m
2025-06-10 12:21:29,1.01501000,5.56966090,b,m
2025-06-10 15:08:14,1.02310000,6.99510879,b,l
2025-06-10 15:08:14,1.02310000,5.76983121,b,l
2025-06-10 22:21:34,1.02310000,6.05902527,b,l
2025-06-10 22:21:34,1.02315000,18.97169197,b,l
2025-06-10 22:21:34,1.02318000,18.45566195,b,l
2025-06-10 22:21:34,1.02320000,4.05053081,b,l
2025-06-10 22:27:10,0.99978000,10.61103438,s,l
2025-06-10 22:27:10,0.99977000,35.98922562,s,l
2025-06-10 23:34:25,0.99977000,5.59222651,s,l
2025-06-11 02:06:17,1.01163000,8.81700000,b,l
2025-06-11 07:41:26,1.01607000,9.88503700,b,m
2025-06-11 08:35:58,0.99982000,5.09091257,s,l
2025-06-11 08:36:43,0.99982000,9.88503700,s,m
2025-06-11 09:38:52,1.02320000,10.00180000,b,m
2025-06-11 09:40:02,0.99982000,3.42736302,s,m
2025-06-11 09:40:02,0.99980000,6.57443698,s,m
2025-06-11 09:49:38,1.02306000,48.86909000,b,l
2025-06-11 16:02:16,1.01873000,9.77459800,b,m
2025-06-11 19:31:32,0.99980000,13.00947980,s,l
2025-06-11 19:36:27,0.99978000,16.31880581,s,m
2025-06-11 19:49:50,0.99978000,2.80540151,s,m
2025-06-11 19:49:50,0.99978000,6.96919649,s,m
2025-06-11 19:51:06,1.01882000,1.26458000,b,l
2025-06-11 22:41:09,1.01956000,5.34449657,b,m
2025-06-11 22:48:39,0.99978000,5.34449000,s,l
2025-06-12 08:20:44,1.01656000,8.43302000,b,l
2025-06-12 08:27:55,0.99979000,8.42692000,s,l
2025-06-12 09:07:37,0.99979000,6.29617184,s,m
2025-06-12 09:07:37,0.99978000,2.62810498,s,m
2025-06-12 10:40:25,0.99978000,10.50000000,s,m
2025-06-12 12:33:45,1.01604000,1.95085000,b,l
2025-06-12 17:17:08,1.02211000,6.41810000,b,l
2025-06-12 19:19:45,1.02297000,9.68817000,b,l
2025-06-12 20:48:20,0.99982000,6.41810000,s,l
2025-06-12 23:17:12,0.99982000,5.56966090,s,m
2025-06-13 12:26:30,0.99982000,15.35425987,s,m
2025-06-13 12:26:30,0.99981000,99.09362779,s,m
2025-06-13 12:26:30,0.99980000,500.09751176,s,m
2025-06-13 12:26:30,0.99960000,1500.59262380,s,m
2025-06-13 12:26:30,0.99930000,2501.73811521,s,m
2025-06-13 12:26:30,0.99890000,5005.47802124,s,m
2025-06-13 12:26:30,0.99840000,5007.98138604,s,m
2025-06-13 12:26:30,0.99740000,5012.99187225,s,m
2025-06-13 12:26:30,0.99491000,5025.54003059,s,m
2025-06-13 12:26:30,0.99403000,48.19590722,s,m
2025-06-13 12:26:30,0.99243000,5038.11959858,s,m
2025-06-13 12:26:30,0.98995000,10101.46130966,s,m
2025-06-13 12:26:30,0.98370000,31.10704484,s,m
2025-06-13 12:26:30,0.98255000,10112.24869115,s,m
2025-06-13 13:00:33,1.01741000,6.06049414,b,m
2025-06-13 13:01:28,0.99981000,6.06049414,s,m
2025-06-13 14:03:43,1.02308000,14.69364566,b,m
2025-06-13 14:03:43,1.02310000,4.38299762,b,m
2025-06-13 20:51:23,1.02310000,1.01099000,b,l
2025-06-13 21:07:56,1.02254000,17.18240000,b,l
2025-06-13 21:54:15,1.02310000,10.96512608,b,l
2025-06-13 21:54:15,1.02313000,8.40869392,b,l
2025-06-14 05:25:36,1.02313000,5.08745468,b,l
2025-06-14 05:25:36,1.02316000,11.82273532,b,l
2025-06-14 05:27:03,0.99984000,16.74276000,s,l
2025-06-14 05:27:20,1.02316000,5.00000000,b,m
2025-06-14 14:24:33,1.00924000,2.97253000,b,l
2025-06-14 14:25:06,0.99984000,2.40030289,s,l
2025-06-14 14:25:06,0.99984000,0.59969711,s,l
2025-06-14 14:26:02,1.00904000,1.25921000,b,l
2025-06-14 14:26:53,0.99984000,2.00000000,s,l
2025-06-14 14:28:31,1.02316000,1.81480320,b,l
2025-06-14 14:28:31,1.02316000,0.09639680,b,l
2025-06-14 16:43:39,0.99984000,2.51112062,s,m
2025-06-14 16:43:39,0.99983000,16.56552266,s,m
2025-06-14 17:02:21,1.01011000,1.15497000,b,l
2025-06-15 13:44:21,1.01762000,12.94964943,b,m
2025-06-16 12:46:28,0.99983000,2.15818000,s,l
2025-06-16 13:02:41,1.01999000,1.53756000,b,l
2025-06-16 16:09:47,0.99983000,0.21951768,s,l
2025-06-16 16:09:47,0.99982000,8.51018232,s,l
2025-06-16 19:11:29,1.01999000,9.55449000,b,l
2025-06-16 20:49:36,0.99982000,29.35635175,s,m
2025-06-16 20:49:36,0.99982000,9.74725450,s,m
2025-06-16 20:49:36,0.99981000,19.48370190,s,m
2025-06-16 20:49:36,0.99981000,20.00380072,s,m
2025-06-16 20:49:36,0.99980000,48.90747352,s,m
2025-06-17 13:01:03,1.01995000,1.45754000,b,l
2025-06-17 13:01:51,1.01995000,1.56808000,b,l
2025-06-17 13:38:40,1.01995000,1.00085000,b,l
2025-06-17 16:07:27,0.99980000,68.78903100,s,m
2025-06-17 17:04:28,1.01995000,12.57640940,b,l
2025-06-17 17:04:28,1.01996000,18.08735052,b,l
2025-06-17 17:04:28,1.01997000,19.01342055,b,l
2025-06-17 17:04:28,1.01998000,19.88500000,b,l
2025-06-17 17:04:28,1.01999000,423.35561046,b,l
2025-06-17 17:04:28,1.02000000,158.45448200,b,l
2025-06-17 17:04:28,1.02315000,5.05420041,b,l
2025-06-17 17:04:28,1.02320000,4.14079368,b,l
2025-06-17 17:04:28,1.02320000,14.50713856,b,l
2025-06-17 17:04:28,1.02834000,294.10053442,b,l
2025-06-17 17:07:58,1.00003000,431.80554570,s,l
2025-06-17 17:07:58,1.00002000,301.82436351,s,l
2025-06-17 17:07:58,0.99980000,225.94925079,s,l
2025-06-17 18:35:38,0.99980000,14.07859618,s,l
2025-06-18 04:56:58,1.02833000,1.01053000,b,l
2025-06-18 04:58:54,1.02833000,175.75688000,b,l
2025-06-18 06:54:52,1.02833000,9.63776000,b,l
2025-06-18 09:23:34,1.02833000,1.52675000,b,l
2025-06-18 20:25:46,1.02833000,9.72450000,b,l
2025-06-18 20:31:25,0.99983000,174.01671000,s,l
2025-06-18 20:48:37,0.99983000,9.72450000,s,l
2025-06-18 20:49:06,1.02833000,9.72450000,b,l
2025-06-19 05:57:41,0.99985000,1.52675000,s,l
2025-06-19 19:04:42,0.99985000,17.18240000,s,l
2025-06-20 15:11:36,1.02833000,19.27553000,b,l
2025-06-20 17:43:27,1.02833000,19.44823000,b,l
2025-06-20 17:45:10,0.99985000,10.84142621,s,l
2025-06-20 17:45:10,0.99985000,8.43333379,s,l
2025-06-20 18:39:09,1.02833000,1.81369000,b,l
2025-06-20 18:44:22,1.02833000,1.82821000,b,l
2025-06-20 19:07:01,1.02833000,32.88251000,b,l
2025-06-20 19:20:54,1.02833000,84.16363845,b,m
2025-06-20 19:35:03,1.02833000,114.74915640,b,m
2025-06-21 21:05:21,0.99984000,9.36623000,s,l
2025-06-22 08:44:59,1.00000000,91.79416000,b,l
2025-06-22 11:26:30,0.99999000,11.86366000,b,l
2025-06-22 11:33:20,0.99984000,6.66472000,s,l
2025-06-22 11:37:16,0.99984000,4.66335000,s,l
2025-06-22 17:54:51,0.99982000,2.60000000,s,l
2025-06-22 17:58:20,0.99982000,1.04190000,s,l
2025-06-22 18:12:25,0.99982000,5.00000000,s,m
2025-06-22 21:05:10,1.00000000,500.06854882,b,l
2025-06-22 22:10:27,0.99999000,100.00000000,b,l
2025-06-23 10:03:35,1.00000000,500.00000000,b,l
2025-06-23 10:05:13,0.99982000,500.00000000,s,l
2025-06-23 17:54:21,1.00000000,1.49985000,b,l
2025-06-23 18:36:06,0.99982000,1.47175000,s,l
2025-06-23 19:13:39,1.00000000,66.24046000,b,l
2025-06-23 20:14:59,0.99982000,1.26458000,s,l
2025-06-23 21:16:13,1.00000000,105.00000000,b,l
2025-06-23 21:20:15,1.00000000,3.15020000,b,l
2025-06-23 21:21:08,0.99982000,10.00000000,s,l
2025-06-23 22:54:29,0.99982000,1.12736000,s,l
2025-06-23 23:03:32,0.99982000,105.00000000,s,l
2025-06-24 03:35:13,0.99982000,7.38052662,s,l
2025-06-24 04:46:02,1.00000000,3.16844000,b,l
2025-06-24 09:39:39,0.99982000,30.69307000,s,l
2025-06-24 12:23:40,1.00000000,10.00000000,b,m
2025-06-24 21:36:08,1.00000000,28.36472000,b,l
2025-06-25 03:24:07,1.00000000,9.37000000,b,l
2025-06-25 03:25:00,0.99987000,2.00000000,s,l
2025-06-25 03:26:33,0.99987000,7.37000000,s,l
2025-06-25 18:53:10,1.00000000,13624.39000000,b,l
2025-06-25 19:35:40,0.99987000,30.48623000,s,l
2025-06-25 21:27:27,1.00000000,10.66068000,b,l
2025-06-25 23:15:09,1.00000000,7.50000000,b,l
2025-06-26 00:04:38,1.00000000,7.25000000,b,l
2025-06-26 00:14:57,1.00000000,1.25000000,b,l
2025-06-26 01:23:22,0.99985000,1.40000000,s,l
2025-06-26 02:10:13,1.00000000,1.72000000,b,l
2025-06-26 09:15:13,1.00000000,3.19537000,b,l
2025-06-26 11:19:29,0.99999000,8.00000000,b,l
2025-06-26 11:19:38,0.99999000,4.50000000,b,l
2025-06-26 11:19:40,0.99999000,2.25000000,b,l
2025-06-26 11:26:56,0.99999000,45.37512085,b,l
2025-06-26 11:26:56,1.00000000,54.62487915,b,l
2025-06-26 13:05:00,1.00000000,250.00000000,b,l
2025-06-26 13:07:40,0.99985000,250.00000000,s,l
2025-06-26 13:38:01,0.99985000,250.07500625,s,l
2025-06-26 13:38:01,0.99980000,100.02000400,s,l
2025-06-26 13:38:01,0.99965000,1500.52509376,s,l
2025-06-26 13:38:01,0.99935000,227.97414599,s,l
2025-06-26 13:39:34,0.99985000,500.07500625,s,l
2025-06-26 13:39:34,0.99965000,1500.52509376,s,l
2025-06-26 13:39:34,0.99935000,77.99414999,s,l
2025-06-26 13:39:43,0.99985000,500.07500625,s,l
2025-06-26 13:39:43,0.99965000,1500.52509376,s,l
2025-06-26 13:39:43,0.99935000,77.99414999,s,l
2025-06-26 13:39:53,0.99985000,500.07500625,s,l
2025-06-26 13:39:53,0.99965000,1500.52509376,s,l
2025-06-26 13:39:53,0.99935000,77.99414999,s,l
2025-06-26 13:40:03,0.99985000,500.07500625,s,l
2025-06-26 13:40:03,0.99965000,1500.52509376,s,l
2025-06-26 13:40:03,0.99935000,77.99414999,s,l
2025-06-26 13:40:19,0.99985000,500.07500625,s,l
2025-06-26 13:40:19,0.99965000,1500.52509376,s,l
2025-06-26 13:40:19,0.99935000,77.99414999,s,l
2025-06-26 13:40:27,0.99985000,500.07500625,s,l
2025-06-26 13:40:27,0.99965000,1500.52509376,s,l
2025-06-26 13:40:27,0.99935000,77.99414999,s,l
2025-06-26 13:40:38,0.99985000,500.07500625,s,l
2025-06-26 13:40:38,0.99965000,1500.52509376,s,l
2025-06-26 13:40:38,0.99935000,77.99414999,s,l
2025-06-26 13:40:47,0.99985000,500.07500625,s,l
2025-06-26 13:40:47,0.99965000,1500.52509376,s,l
2025-06-26 13:40:47,0.99935000,77.99414999,s,l
2025-06-26 13:40:59,0.99985000,500.07500625,s,l
2025-06-26 13:40:59,0.99965000,1500.52509376,s,l
2025-06-26 13:40:59,0.99935000,77.99414999,s,l
2025-06-26 13:41:08,0.99985000,500.07500625,s,l
2025-06-26 13:41:08,0.99965000,313.98249375,s,l
2025-06-26 20:37:02,0.99985000,9.72450000,s,l
2025-06-26 20:38:12,1.00000000,19.00000000,b,l
2025-06-27 03:56:08,0.99984000,5.00000000,s,l
2025-06-27 06:01:48,0.99984000,1.77771000,s,l
2025-06-27 22:18:29,0.98500000,19.00000000,s,l
2025-06-27 22:19:32,1.00000000,14.29545000,b,l
2025-06-27 22:20:49,1.00000000,9.37000000,b,l
2025-06-28 01:52:19,1.00000000,1050.57435000,b,l
2025-06-28 01:59:53,0.99984000,500.08000730,s,l
2025-06-28 01:59:53,0.99964000,540.09261270,s,l
2025-06-28 02:03:33,1.00000000,50.00000000,b,l
2025-06-28 02:30:45,0.99984000,11.02974000,s,l
2025-06-28 17:28:53,0.99984000,10.00000000,s,l
2025-06-29 03:25:58,1.00000000,15.00240000,b,m
2025-06-29 03:42:27,0.99984000,395.70042000,s,l
2025-06-29 07:03:41,0.99984000,1.10018000,s,l
2025-06-29 07:37:40,1.00000000,116.48363000,b,l
2025-06-29 07:42:31,0.99984000,116.48363000,s,l
2025-06-29 12:33:07,0.99984000,3.41636000,s,l
2025-06-29 13:54:32,0.99984000,12.63855000,s,l
2025-06-29 14:32:39,0.99984000,1.15497000,s,l
2025-06-29 16:40:33,0.99984000,10.65585000,s,l
2025-06-29 17:47:09,1.00000000,171.49277000,b,l
2025-06-29 17:47:57,0.99984000,169.79482000,s,l
2025-06-30 16:13:52,1.00000000,42.05660000,b,l
2025-06-30 17:08:53,1.00000000,908.24000000,b,m
2025-06-30 17:09:58,0.99984000,500.08000730,s,m
2025-06-30 17:09:58,0.99964000,406.34351270,s,m
2025-06-30 18:32:20,1.00000000,100.00000000,b,l
2025-06-30 18:38:34,0.99984000,6.33535000,s,l
2025-06-30 23:01:37,0.99984000,19.18199000,s,l
2025-07-01 01:31:44,1.00000000,30.00000000,b,l
2025-07-01 07:14:36,0.99984000,9.18369000,s,l
2025-07-01 21:21:25,1.00000000,257.67314000,b,l
2025-07-02 00:57:10,0.99984000,15.00240000,s,m
2025-07-02 22:35:58,1.00000000,9.13500000,b,l
2025-07-03 01:08:17,1.00000000,96.00000000,b,l
2025-07-03 01:09:30,0.99984000,20.00000000,s,l
2025-07-03 01:10:01,0.99984000,20.00000000,s,l
2025-07-03 01:10:48,0.99984000,56.00000000,s,l
2025-07-03 09:46:43,1.00000000,58.18074000,b,l
2025-07-03 11:34:46,1.00000000,51.53617000,b,l
2025-07-03 11:38:04,0.99984000,51.53617000,s,l
2025-07-03 13:51:17,1.00000000,1.29344000,b,l
2025-07-03 17:59:21,0.99984000,1.26795000,s,l
2025-07-04 06:43:30,1.00000000,152.07000000,b,m
2025-07-04 06:44:43,0.99984000,30.58714681,s,m
2025-07-04 06:44:43,0.99984000,121.17871319,s,m
2025-07-04 08:36:19,0.99984000,4.43350000,s,l
2025-07-04 09:27:51,0.99984000,19.80198000,s,l
2025-07-04 14:08:19,0.99984000,0.98522000,s,l
2025-07-04 14:35:49,0.99984000,2.46305000,s,l
2025-07-04 17:48:11,0.99984000,21.50344055,s,l
2025-07-04 19:45:10,1.00000000,924.71122438,b,m
2025-07-04 20:44:01,1.00000000,44.46647000,b,l
2025-07-04 20:46:49,0.99984000,44.46647000,s,l
2025-07-04 22:00:05,0.98500000,2.46305000,s,l
2025-07-04 22:55:30,1.00000000,50.75766000,b,l
2025-07-04 22:55:44,0.99984000,50.75766000,s,l
2025-07-04 23:22:59,1.00000000,47.44301000,b,l
2025-07-05 02:30:04,1.00000000,19.82161000,b,l
2025-07-05 02:31:22,0.99984000,9.90099000,s,l
2025-07-05 02:35:18,0.99984000,4.86218000,s,l
2025-07-05 02:37:54,0.99984000,4.91081000,s,l
2025-07-05 05:09:50,0.99984000,2.95567000,s,l
2025-07-05 07:38:01,0.99984000,4.43350000,s,l
2025-07-05 09:19:51,1.00000000,9.99999999,b,l
2025-07-05 09:19:51,1.00000000,9.99999999,b,l
2025-07-05 09:23:38,1.00000000,37.23252354,b,l
2025-07-05 09:23:38,1.00000000,37.23252354,b,l
2025-07-05 09:23:38,1.00000000,33.99999999,b,l
2025-07-05 09:23:38,1.00000000,33.99999999,b,l
2025-07-05 09:38:29,0.99984000,34.00000002,s,l
2025-07-05 16:09:49,0.99984000,10.30164826,s,l
2025-07-05 16:37:21,0.99984000,0.98522000,s,l
2025-07-05 21:24:53,0.99984000,3.44828000,s,l
2025-07-05 22:14:15,1.00000000,198.96020000,b,l
2025-07-05 23:34:03,0.99984000,5.24887381,s,l
2025-07-06 03:10:34,0.99984000,2.46305000,s,l
2025-07-06 03:11:18,0.99984000,4.43350000,s,l
2025-07-06 12:58:06,1.00000000,33.99966000,b,l
2025-07-06 12:58:06,1.00000000,13.13682602,b,l
2025-07-06 12:58:06,1.00000000,33.99999999,b,l
2025-07-06 12:58:08,0.99984000,33.99999998,s,l
2025-07-06 12:59:55,1.00000000,33.99966000,b,l
2025-07-06 12:59:55,1.00000000,33.99999999,b,l
2025-07-06 12:59:55,1.00000000,97.85600253,b,l
2025-07-06 12:59:55,1.00000000,97.85600253,b,l
2025-07-06 13:00:07,1.00000000,33.99999996,b,l
2025-07-06 13:00:27,1.00000000,33.99999995,b,l
2025-07-06 13:11:53,0.99984000,33.99999995,s,l
2025-07-06 14:28:55,0.99984000,1.10345000,s,l
2025-07-07 02:16:00,0.99984000,1.00000000,s,l
2025-07-07 06:13:54,1.00000000,1.01000000,b,l
2025-07-07 13:50:50,1.00000000,495.93552000,b,l
2025-07-07 16:07:31,1.00000000,51.88358000,b,l
2025-07-07 21:21:38,0.99984000,1.23153000,s,l
2025-07-07 21:21:56,0.99984000,2.21675000,s,l
2025-07-07 21:28:01,0.99984000,4.92611000,s,l
2025-07-07 22:30:43,0.99984000,0.99010000,s,l
2025-07-07 23:25:24,0.99984000,2.95567000,s,l
2025-07-08 06:46:26,1.00000000,2.60722000,b,l
2025-07-08 06:47:01,0.99984000,2.60000000,s,l
2025-07-08 07:04:16,1.00000000,24.48543000,b,l
2025-07-08 09:14:52,1.00000000,1.99960000,b,l
2025-07-08 09:15:57,0.99984000,2.40000000,s,l
2025-07-08 14:35:35,1.00000000,1.98216000,b,l
2025-07-08 14:42:30,1.00000000,2073.68682000,b,l
2025-07-08 15:39:26,0.99984000,5.81321712,s,l
2025-07-08 15:51:06,1.00000000,344.15263000,b,l
2025-07-08 16:14:34,0.99984000,4.92611000,s,l
2025-07-09 05:41:47,0.99984000,50.00000000,s,l
2025-07-09 05:41:47,0.99984000,1.88358000,s,l
2025-07-09 05:50:45,0.99984000,4.00000000,s,l
2025-07-09 13:57:03,0.99984000,491.51191000,s,l
2025-07-09 16:28:56,0.99984000,100.00000000,s,m
2025-07-09 19:58:39,1.00000000,49.99950000,b,l
2025-07-09 19:58:39,1.00000000,49.99999999,b,l
2025-07-09 19:58:39,1.00000000,49.99999999,b,l
2025-07-09 19:59:17,1.00000000,49.99950000,b,l
2025-07-09 19:59:17,1.00000000,49.99999999,b,l
2025-07-09 19:59:17,1.00000000,49.99999999,b,l
2025-07-09 19:59:24,0.99984000,99.94900099,s,l
2025-07-10 01:15:36,1.00000000,100.00000000,b,l
2025-07-10 01:17:16,1.00000000,100.00000000,b,m
2025-07-10 03:18:43,1.00000000,1000.00000000,b,l
2025-07-10 03:31:41,1.00000000,34278.29366968,b,l
2025-07-10 03:31:41,1.00000000,100.00000000,b,l
2025-07-10 04:34:55,1.00001000,5.34847236,s,l
2025-07-10 10:13:20,1.01000000,1.71083000,b,l
2025-07-10 10:18:50,1.00001000,1.71083000,s,l
2025-07-10 12:19:47,1.01000000,1.71287000,b,l
2025-07-10 12:20:43,1.00001000,1.00000000,s,l
2025-07-10 14:57:14,1.01000000,41.67630000,b,l
2025-07-10 14:57:14,1.01999000,7.05930236,b,l
2025-07-10 14:57:14,1.02000000,100.02000400,b,l
2025-07-10 14:57:14,1.02000000,175.17714314,b,l
2025-07-10 14:57:14,1.02680000,21.42012614,b,l
2025-07-10 14:57:14,1.02690000,10.99301796,b,l
2025-07-10 14:57:14,1.02700000,11.44171257,b,l
2025-07-10 14:57:14,1.02833000,5.00000000,b,l
2025-07-10 14:57:14,1.02834000,150.15683231,b,l
2025-07-10 14:57:14,1.03035000,113.46153152,b,l
2025-07-10 14:57:14,1.00001000,10.00000000,s,m
2025-07-10 15:34:44,1.00500000,44.81592039,s,m
2025-07-10 15:34:44,1.00400000,16.53695000,s,m
2025-07-10 15:34:44,1.00310000,14.06639417,s,m
2025-07-10 15:34:44,1.00300000,24.58073544,s,m
2025-07-10 15:36:49,1.02980000,18.74107862,b,m
2025-07-10 15:36:49,1.03000000,19.95999903,b,m
2025-07-10 15:36:49,1.03010000,18.36319911,b,m
2025-07-10 15:36:49,1.03010000,18.59058342,b,m
2025-07-10 15:36:49,1.03013000,17.21350316,b,m
2025-07-10 15:36:49,1.03035000,6.83253396,b,m
2025-07-10 15:40:24,1.00400000,43.82470119,s,l
2025-07-10 15:40:24,1.00300000,3.97360154,s,l
2025-07-10 15:40:24,1.00300000,27.28813559,s,l
2025-07-10 15:40:24,1.00200000,24.23153692,s,l
2025-07-10 15:40:24,1.00039000,434.45441979,s,l
2025-07-10 15:40:24,1.00038000,102.63357497,s,l
2025-07-10 17:09:18,1.00001000,46.97328000,s,l
2025-07-10 17:16:44,1.00007000,499.97000130,b,l
2025-07-10 17:16:44,1.00027000,699.02999870,b,l
2025-07-10 17:16:44,1.00027000,800.58005319,b,l
2025-07-10 17:16:44,1.00057000,398.41994681,b,l
2025-07-10 17:16:44,1.00057000,1199.00000000,b,l
2025-07-10 18:27:07,1.00007000,10.10000000,b,l
2025-07-10 19:43:05,1.00007000,48.00000000,b,l
2025-07-10 19:43:05,1.00007000,26.00000000,b,l
2025-07-10 19:43:05,1.00001000,4.45705543,s,l
2025-07-10 19:43:05,1.00000000,9.84294457,s,l
2025-07-10 19:43:05,1.00000000,26.00000000,s,l
2025-07-10 19:43:05,1.00000000,26.00000000,s,l
2025-07-10 19:52:24,1.00007000,145.00000000,b,l
2025-07-10 19:52:24,1.00007000,80.00000000,b,l
2025-07-10 19:52:24,1.00000000,47.60000000,s,l
2025-07-10 19:52:24,1.00027000,15.00000000,b,l
2025-07-10 19:52:24,1.00027000,15.00000000,b,l
2025-07-10 19:52:24,1.00000000,13.18000000,s,l
2025-07-10 19:52:24,1.00000000,80.00000000,s,l
2025-07-10 19:52:24,1.00000000,80.00000000,s,l
2025-07-10 19:52:24,1.00000000,15.00000000,s,l
2025-07-10 19:55:31,1.00007000,15.00000000,b,l
2025-07-10 19:55:31,1.00007000,15.00000000,b,l
2025-07-10 19:55:32,1.00000000,13.16000000,s,l
2025-07-10 19:56:08,1.00007000,19.00000000,b,l
2025-07-10 20:50:48,1.00007000,91.00000000,b,l
2025-07-10 20:50:48,1.00007000,50.00000000,b,l
2025-07-10 20:50:48,1.00007000,91.00000000,b,l
2025-07-10 20:50:48,1.00007000,47.00000000,b,l
2025-07-10 20:50:48,1.00007000,27.00000000,b,l
2025-07-10 20:50:49,1.00027000,50.00000000,b,l
2025-07-10 20:50:49,1.00000000,27.00000000,s,l
2025-07-10 20:50:49,1.00000000,35.11000000,s,l
2025-07-10 20:50:49,1.00027000,47.00000000,b,l
2025-07-10 20:50:49,1.00027000,27.00000000,b,l
2025-07-10 20:50:49,1.00000000,91.00000000,s,l
2025-07-10 20:50:49,1.00000000,47.00000000,s,l
2025-07-10 20:51:24,1.00007000,386.00000000,b,l
2025-07-10 20:51:24,1.00027000,86.60000000,b,l
2025-07-10 20:51:24,1.00027000,386.00000000,b,l
2025-07-10 20:52:23,1.00007000,44.00000000,b,l
2025-07-10 20:52:23,1.00007000,10.98000000,b,l
2025-07-10 20:52:23,1.00007000,44.00000000,b,l
2025-07-10 20:59:06,1.00007000,33.00000000,b,l
2025-07-10 20:59:06,1.00007000,18.98000000,b,l
2025-07-10 20:59:06,1.00007000,33.00000000,b,l
2025-07-10 21:04:26,1.00007000,84.98555000,b,l
2025-07-10 21:48:36,1.00000000,254.33876121,s,l
2025-07-10 21:48:36,1.00000000,236.19992174,s,l
2025-07-10 21:48:42,1.00000000,264.75380427,s,l
2025-07-10 21:48:50,1.00000000,499.30305385,s,l
2025-07-10 21:48:51,1.00000000,5.34937615,s,l
2025-07-10 21:48:51,1.00000000,494.47082380,s,l
2025-07-10 21:48:52,1.00000000,498.37302100,s,l
2025-07-10 21:48:55,1.00000000,499.29114570,s,l
2025-07-10 21:48:57,1.00000000,5.47075694,s,l
2025-07-10 21:48:57,1.00000000,5.47075694,s,l
2025-07-10 21:48:57,1.00000000,5.47967914,s,l
2025-07-10 21:48:57,1.00000000,5.48132873,s,l
2025-07-10 21:48:57,1.00000000,5.48132873,s,l
2025-07-10 21:48:57,1.00000000,5.48132873,s,l
2025-07-10 21:48:58,1.00000000,5.48132873,s,l
2025-07-10 21:48:58,1.00000000,5.48132873,s,l
2025-07-10 21:48:58,1.00000000,5.47700627,s,l
2025-07-10 21:48:58,1.00000000,5.47700627,s,l
2025-07-10 21:48:58,1.00000000,5.47700627,s,l
2025-07-10 21:48:58,1.00000000,5.47690246,s,l
2025-07-10 21:48:59,1.00000000,5.47690246,s,l
2025-07-11 00:20:03,1.00000000,35.99999995,s,l
2025-07-11 00:57:47,1.00000000,116.99517184,s,l
2025-07-11 00:57:49,1.00000000,10.00235697,s,l
2025-07-11 00:57:49,1.00000000,10.00235697,s,l
2025-07-11 00:57:49,1.00000000,327.58652900,s,l
2025-07-11 00:57:50,1.00000000,10.00904872,s,l
2025-07-11 00:57:52,1.00000000,10.32408192,s,l
2025-07-11 00:57:52,1.00000000,10.00235597,s,l
2025-07-11 01:16:26,1.00000000,25.11653038,s,l
2025-07-11 01:16:26,1.00000000,476.29751711,s,l
2025-07-11 01:43:09,1.00007000,23.59597000,b,l
2025-07-11 01:43:55,1.00000000,22.77228000,s,l
2025-07-11 02:25:20,1.00007000,10.60500000,b,l
2025-07-11 02:27:17,1.00007000,22.72500000,b,l
2025-07-11 02:36:08,1.00000000,5.08621225,s,l
2025-07-11 02:36:08,1.00000000,202.00000000,s,l
2025-07-11 02:36:08,1.00000000,202.00000000,s,l
2025-07-11 02:36:08,1.00000000,63.00000000,s,l
2025-07-11 02:36:08,1.00000000,42.00000000,s,l
2025-07-11 02:36:08,1.00000000,63.00000000,s,l
2025-07-11 02:36:08,1.00000000,17.62000000,s,l
2025-07-11 02:52:31,1.00007000,1.20060000,b,l
2025-07-11 04:36:14,1.00000000,51.95177788,s,l
2025-07-11 04:36:14,1.00000000,51.96236459,s,l
2025-07-11 04:36:14,1.00000000,51.97295130,s,l
2025-07-11 04:36:14,1.00000000,51.98353801,s,l
2025-07-11 04:36:14,1.00000000,51.99412472,s,l
2025-07-11 04:36:14,1.00000000,52.00471143,s,l
2025-07-11 04:51:51,1.00000000,500.41566969,s,l
2025-07-11 04:51:52,1.00000000,500.41566969,s,l
2025-07-11 04:51:53,1.00000000,500.41566969,s,l
2025-07-11 04:52:05,1.00000000,35.00000000,s,l
2025-07-11 04:52:05,1.00000000,18.33000000,s,l
2025-07-11 04:52:05,1.00000000,15.00000000,s,l
2025-07-11 04:52:06,1.00000000,26.00000000,s,l
2025-07-11 04:52:59,1.00000000,500.43683750,s,l
2025-07-11 04:53:01,1.00000000,500.43683750,s,l
2025-07-11 04:53:02,1.00000000,500.43683750,s,l
2025-07-11 04:53:03,1.00000000,500.43683750,s,l
2025-07-11 04:53:04,1.00000000,500.43683750,s,l
2025-07-11 04:53:05,1.00000000,500.43683750,s,l
2025-07-11 04:53:06,1.00000000,500.43683750,s,l
2025-07-11 04:53:07,1.00000000,500.43683750,s,l
2025-07-11 04:53:08,1.00000000,500.43683750,s,l
2025-07-11 04:53:09,1.00000000,500.43683750,s,l
2025-07-11 04:53:10,1.00000000,500.43683750,s,l
2025-07-11 04:53:11,1.00000000,500.43683750,s,l
2025-07-11 04:53:12,1.00000000,500.43683750,s,l
2025-07-11 04:53:13,1.00000000,500.43683750,s,l
2025-07-11 04:53:14,1.00000000,500.43683750,s,l
2025-07-11 04:53:15,1.00000000,500.43683750,s,l
2025-07-11 04:53:16,1.00000000,302.80825150,s,l
2025-07-11 04:53:17,1.00000000,302.88016820,s,l
2025-07-11 04:53:18,1.00000000,117.58207985,s,l
2025-07-11 04:54:20,0.99986000,163.06552680,s,l
2025-07-11 04:54:21,0.99986000,161.87752370,s,l
2025-07-11 04:54:22,0.99986000,116.32392492,s,l
2025-07-11 04:54:45,0.99986000,161.86533460,s,l
2025-07-11 04:54:45,0.99986000,161.89873900,s,l
2025-07-11 04:54:47,0.99986000,161.93214350,s,l
2025-07-11 04:54:47,0.99986000,161.96554800,s,l
2025-07-11 04:54:48,0.99986000,19.39362664,s,l
2025-07-11 04:54:48,0.99986000,19.39571918,s,l
2025-07-11 04:54:48,0.99986000,19.39791136,s,l
2025-07-11 04:54:48,0.99986000,19.40010354,s,l
2025-07-11 04:54:48,0.99986000,19.40229572,s,l
2025-07-11 04:54:48,0.99986000,19.40448790,s,l
2025-07-11 04:54:48,0.99986000,19.40668009,s,l
2025-07-11 04:54:48,0.99986000,19.40887227,s,l
2025-07-11 04:54:48,0.99986000,19.41106445,s,l
2025-07-11 04:54:48,0.99986000,19.41325663,s,l
2025-07-11 04:54:48,0.99986000,19.41534916,s,l
2025-07-11 04:54:48,0.99986000,19.41744170,s,l
2025-07-11 04:54:48,0.99986000,19.41953424,s,l
2025-07-11 04:54:48,0.99986000,19.42172642,s,l
2025-07-11 04:54:48,0.99986000,19.42391860,s,l
2025-07-11 04:54:48,0.99986000,19.42611078,s,l
2025-07-11 04:54:49,0.99986000,19.42830296,s,l
2025-07-11 04:54:49,0.99986000,19.43049514,s,l
2025-07-11 04:54:49,0.99986000,19.43268732,s,l
2025-07-11 04:54:49,0.99986000,19.43487950,s,l
2025-07-11 04:54:49,0.99986000,19.43707168,s,l
2025-07-11 04:54:49,0.99986000,19.43926387,s,l
2025-07-11 04:54:49,0.99986000,19.44135640,s,l
2025-07-11 04:54:49,0.99986000,19.44344894,s,l
2025-07-11 04:54:49,0.99986000,19.44554148,s,l
2025-07-11 04:54:49,0.99986000,19.44773366,s,l
2025-07-11 04:54:49,0.99986000,19.44992584,s,l
2025-07-11 04:54:49,0.99986000,19.45211802,s,l
2025-07-11 04:54:49,0.99986000,19.45431020,s,l
2025-07-11 04:54:49,0.99986000,19.45640274,s,l
2025-07-11 04:54:49,0.99986000,19.45849527,s,l
2025-07-11 04:54:49,0.99986000,19.46058781,s,l
2025-07-11 04:54:50,0.99986000,19.46258070,s,l
2025-07-11 04:54:50,0.99986000,19.46457359,s,l
2025-07-11 04:54:50,0.99986000,19.46656648,s,l
2025-07-11 04:54:50,0.99986000,19.46845973,s,l
2025-07-11 04:54:50,0.99986000,19.47035298,s,l
2025-07-11 04:54:50,0.99986000,19.47234587,s,l
2025-07-11 04:54:50,0.99986000,19.47433876,s,l
2025-07-11 04:54:50,0.99986000,19.47633165,s,l
2025-07-11 04:54:50,0.99986000,19.47832454,s,l
2025-07-11 04:54:50,0.99986000,19.48031744,s,l
2025-07-11 04:54:50,0.99986000,19.48231033,s,l
2025-07-11 04:54:50,0.99986000,19.48430322,s,l
2025-07-11 04:54:50,0.99986000,19.48629611,s,l
2025-07-11 04:54:50,0.99986000,19.48828900,s,l
2025-07-11 04:54:50,0.99986000,19.49028189,s,l
2025-07-11 04:54:50,0.99986000,19.49227479,s,l
2025-07-11 04:54:51,0.99986000,19.96783705,s,l
2025-07-11 04:54:51,0.99986000,19.96609117,s,l
2025-07-11 04:54:51,0.99986000,19.96632395,s,l
2025-07-11 04:54:51,0.99986000,19.96644034,s,l
2025-07-11 04:54:51,0.99986000,19.96667313,s,l
2025-07-11 04:54:51,0.99986000,19.96690591,s,l
2025-07-11 04:54:51,0.99986000,19.96702230,s,l
2025-07-11 04:54:51,0.99986000,19.96713870,s,l
2025-07-11 04:54:51,0.99986000,19.96725509,s,l
2025-07-11 04:54:51,0.99986000,19.96748787,s,l
2025-07-11 04:54:51,0.99986000,19.96760426,s,l
2025-07-11 04:54:51,0.99986000,19.96772065,s,l
2025-07-11 04:54:51,0.99986000,19.96783705,s,l
2025-07-11 04:54:51,0.99986000,19.96795344,s,l
2025-07-11 04:54:51,0.99986000,19.96818622,s,l
2025-07-11 04:54:51,0.99986000,19.96830261,s,l
2025-07-11 04:54:52,0.99986000,19.96841901,s,l
2025-07-11 04:54:52,0.99986000,19.96853540,s,l
2025-07-11 04:54:52,0.99986000,19.96865179,s,l
2025-07-11 04:54:52,0.99986000,19.96888457,s,l
2025-07-11 04:54:52,0.99986000,19.96900096,s,l
2025-07-11 04:54:52,0.99986000,19.96911736,s,l
2025-07-11 04:54:52,0.99986000,19.96923375,s,l
2025-07-11 04:54:52,0.99986000,19.96935014,s,l
2025-07-11 04:54:52,0.99986000,19.96958292,s,l
2025-07-11 04:54:52,0.99986000,19.96969932,s,l
2025-07-11 04:54:52,0.99986000,19.96981571,s,l
2025-07-11 04:54:52,0.99986000,19.96993210,s,l
2025-07-11 04:54:52,0.99986000,19.97004849,s,l
2025-07-11 04:54:52,0.99986000,19.97028128,s,l
2025-07-11 04:54:52,0.99986000,19.97039767,s,l
2025-07-11 04:54:52,0.99986000,19.97051406,s,l
2025-07-11 04:54:53,0.99986000,19.97063045,s,l
2025-07-11 04:54:53,0.99986000,19.97074684,s,l
2025-07-11 04:54:53,0.99986000,19.97097963,s,l
2025-07-11 04:54:53,0.99986000,19.97109602,s,l
2025-07-11 04:54:53,0.99986000,19.97121241,s,l
2025-07-11 04:54:53,0.99986000,19.97132880,s,l
2025-07-11 04:54:53,0.99986000,19.97144519,s,l
2025-07-11 04:54:53,0.99986000,19.97167798,s,l
2025-07-11 04:54:53,0.99986000,19.97179437,s,l
2025-07-11 04:54:53,0.99986000,19.97191076,s,l
2025-07-11 04:54:53,0.99986000,19.97202715,s,l
2025-07-11 04:54:53,0.99986000,19.97214354,s,l
2025-07-11 04:54:53,0.99986000,19.97237633,s,l
2025-07-11 04:54:53,0.99986000,19.97249272,s,l
2025-07-11 04:54:53,0.99986000,19.97260911,s,l
2025-07-11 04:54:53,0.99986000,19.97272550,s,l
2025-07-11 04:54:54,0.99986000,19.97284190,s,l
2025-07-11 04:54:54,0.99986000,19.97307468,s,l
2025-07-11 04:54:54,0.99986000,19.97319107,s,l
2025-07-11 04:54:54,0.99986000,19.97330746,s,l
2025-07-11 04:54:54,0.99986000,19.97342386,s,l
2025-07-11 04:54:54,0.99986000,19.97354025,s,l
2025-07-11 04:54:54,0.99986000,19.97365664,s,l
2025-07-11 04:54:54,0.99986000,19.97377303,s,l
2025-07-11 04:54:54,0.99986000,19.97388942,s,l
2025-07-11 04:54:54,0.99986000,19.97400581,s,l
2025-07-11 04:54:54,0.99986000,19.97412221,s,l
2025-07-11 04:54:54,0.99986000,19.97423860,s,l
2025-07-11 04:54:54,0.99986000,19.97435499,s,l
2025-07-11 04:54:54,0.99986000,19.97447138,s,l
2025-07-11 04:54:54,0.99986000,19.97458777,s,l
2025-07-11 04:54:54,0.99986000,19.97470417,s,l
2025-07-11 04:54:55,0.99986000,19.97482056,s,l
2025-07-11 04:54:55,0.99986000,19.97493695,s,l
2025-07-11 04:54:55,0.99986000,19.97505334,s,l
2025-07-11 04:54:55,0.99986000,19.97516973,s,l
2025-07-11 04:54:55,0.99986000,19.97528612,s,l
2025-07-11 04:54:55,0.99986000,19.97540252,s,l
2025-07-11 04:54:55,0.99986000,19.97551891,s,l
2025-07-11 04:54:55,0.99986000,19.97563530,s,l
2025-07-11 04:54:55,0.99986000,19.97575169,s,l
2025-07-11 04:54:55,0.99986000,19.97586808,s,l
2025-07-11 04:54:55,0.99986000,19.97598448,s,l
2025-07-11 04:54:55,0.99986000,19.97610087,s,l
2025-07-11 04:54:55,0.99986000,19.97621726,s,l
2025-07-11 04:54:55,0.99986000,19.97633365,s,l
2025-07-11 04:54:55,0.99986000,19.97645004,s,l
2025-07-11 04:54:55,0.99986000,19.97656644,s,l
2025-07-11 04:54:56,0.99986000,19.97668283,s,l
2025-07-11 04:54:56,0.99986000,19.97679922,s,l
2025-07-11 04:54:56,0.99986000,19.97691561,s,l
2025-07-11 04:54:56,0.99986000,19.97703200,s,l
2025-07-11 04:54:56,0.99986000,19.97703200,s,l
2025-07-11 04:54:56,0.99986000,19.97703200,s,l
2025-07-11 04:54:56,0.99986000,19.97703200,s,l
2025-07-11 04:54:56,0.99986000,19.97703200,s,l
2025-07-11 04:54:56,0.99986000,19.97703200,s,l
2025-07-11 04:54:56,0.99986000,19.97703200,s,l
2025-07-11 04:54:56,0.99986000,19.97703200,s,l
2025-07-11 04:54:56,0.99986000,19.97703200,s,l
2025-07-11 04:54:56,0.99986000,19.97703200,s,l
2025-07-11 04:54:56,0.99986000,19.97703200,s,l
2025-07-11 04:54:56,0.99986000,19.97703200,s,l
2025-07-11 04:54:56,0.99986000,19.97703200,s,l
2025-07-11 04:54:57,0.99986000,19.96923375,s,l
2025-07-11 04:54:57,0.99986000,19.96120271,s,l
2025-07-11 04:54:57,0.99986000,19.96131910,s,l
2025-07-11 04:54:57,0.99986000,19.96143549,s,l
2025-07-11 04:54:57,0.99986000,19.96155189,s,l
2025-07-11 04:54:57,0.99986000,19.96166828,s,l
2025-07-11 04:54:57,0.99986000,19.96178467,s,l
2025-07-11 04:54:57,0.99986000,19.96190106,s,l
2025-07-11 04:54:57,0.99986000,19.96201745,s,l
2025-07-11 04:54:57,0.99986000,19.96213385,s,l
2025-07-11 04:54:57,0.99986000,19.96225024,s,l
2025-07-11 04:54:57,0.99986000,19.96236663,s,l
2025-07-11 04:54:57,0.99986000,19.96248302,s,l
2025-07-11 04:54:57,0.99986000,19.96259941,s,l
2025-07-11 04:54:57,0.99986000,19.96271580,s,l
2025-07-11 04:54:57,0.99986000,19.96283220,s,l
2025-07-11 04:54:58,0.99986000,19.96294859,s,l
2025-07-11 04:54:58,0.99986000,19.96306498,s,l
2025-07-11 04:54:58,0.99986000,19.96318137,s,l
2025-07-11 04:54:58,0.99986000,19.96329776,s,l
2025-07-11 04:54:58,0.99986000,19.96341416,s,l
2025-07-11 04:54:58,0.99986000,19.96353055,s,l
2025-07-11 04:54:58,0.99986000,19.96364694,s,l
2025-07-11 04:54:58,0.99986000,19.96376333,s,l
2025-07-11 04:54:58,0.99986000,19.96387972,s,l
2025-07-11 04:54:58,0.99986000,19.96399612,s,l
2025-07-11 04:54:58,0.99986000,19.96411251,s,l
2025-07-11 04:54:58,0.99986000,19.96422890,s,l
2025-07-11 04:54:58,0.99986000,19.96422890,s,l
2025-07-11 04:54:58,0.99986000,19.96422890,s,l
2025-07-11 04:54:58,0.99986000,19.96422890,s,l
2025-07-11 04:54:58,0.99986000,19.96422890,s,l
2025-07-11 04:54:59,0.99986000,19.96422890,s,l
2025-07-11 04:54:59,0.99986000,19.96422890,s,l
2025-07-11 04:54:59,0.99986000,19.96422890,s,l
2025-07-11 04:54:59,0.99986000,19.96422890,s,l
2025-07-11 04:54:59,0.99986000,19.96422890,s,l
2025-07-11 04:54:59,0.99986000,19.96422890,s,l
2025-07-11 04:54:59,0.99986000,19.96422890,s,l
2025-07-11 04:54:59,0.99986000,19.96422890,s,l
2025-07-11 04:54:59,0.99986000,19.96422890,s,l
2025-07-11 04:54:59,0.99986000,19.96422890,s,l
2025-07-11 04:54:59,0.99986000,19.96422890,s,l
2025-07-11 04:54:59,0.99986000,19.96422890,s,l
2025-07-11 04:54:59,0.99986000,19.96422890,s,l
2025-07-11 04:54:59,0.99986000,19.96422890,s,l
2025-07-11 04:54:59,0.99986000,19.96422890,s,l
2025-07-11 04:54:59,0.99986000,19.96422890,s,l
2025-07-11 04:55:00,0.99986000,19.96422890,s,l
2025-07-11 04:55:00,0.99986000,19.96422890,s,l
2025-07-11 04:55:00,0.99986000,19.96422890,s,l
2025-07-11 04:55:00,0.99986000,19.96422890,s,l
2025-07-11 04:55:00,0.99986000,19.96422890,s,l
2025-07-11 04:55:00,0.99986000,19.96422890,s,l
2025-07-11 04:55:00,0.99986000,19.96422890,s,l
2025-07-11 04:55:00,0.99986000,19.96422890,s,l
2025-07-11 04:55:00,0.99986000,19.96422890,s,l
2025-07-11 04:55:00,0.99986000,19.96422890,s,l
2025-07-11 04:55:00,0.99986000,19.96422890,s,l
2025-07-11 04:55:00,0.99986000,19.96422890,s,l
2025-07-11 04:55:00,0.99986000,19.96422890,s,l
2025-07-11 04:55:00,0.99986000,19.96422890,s,l
2025-07-11 04:55:00,0.99986000,19.96422890,s,l
2025-07-11 04:55:00,0.99986000,19.96422890,s,l
2025-07-11 04:55:01,0.99986000,19.96422890,s,l
2025-07-11 04:55:01,0.99986000,19.96422890,s,l
2025-07-11 04:55:01,0.99986000,19.96422890,s,l
2025-07-11 04:55:01,0.99986000,19.96422890,s,l
2025-07-11 04:55:01,0.99986000,19.96422890,s,l
2025-07-11 04:55:01,0.99986000,19.96422890,s,l
2025-07-11 04:55:01,0.99986000,19.96422890,s,l
2025-07-11 04:55:01,0.99986000,19.96422890,s,l
2025-07-11 04:55:01,0.99986000,19.96422890,s,l
2025-07-11 04:55:01,0.99986000,19.96422890,s,l
2025-07-11 04:55:01,0.99986000,19.96422890,s,l
2025-07-11 04:55:01,0.99986000,19.96422890,s,l
2025-07-11 04:55:01,0.99986000,19.96422890,s,l
2025-07-11 04:55:01,0.99986000,19.96422890,s,l
2025-07-11 04:55:01,0.99986000,19.96422890,s,l
2025-07-11 04:55:01,0.99986000,19.96422890,s,l
2025-07-11 04:55:02,0.99986000,19.96422890,s,l
2025-07-11 04:55:02,0.99986000,19.96830261,s,l
2025-07-11 04:55:02,0.99986000,19.97237633,s,l
2025-07-11 04:55:02,0.99986000,19.97645004,s,l
2025-07-11 04:55:02,0.99986000,19.98052376,s,l
2025-07-11 04:55:02,0.99986000,19.98471387,s,l
2025-07-11 04:55:02,0.99986000,19.98890397,s,l
2025-07-11 04:55:02,0.99986000,19.99309408,s,l
2025-07-11 05:02:28,1.00007000,19.99860010,b,l
2025-07-11 05:21:35,1.00007000,159.98880079,b,l
2025-07-11 08:11:43,1.00007000,8.58500000,b,l
2025-07-11 08:12:55,1.00007000,2.52500000,b,l
2025-07-11 08:13:49,1.00007000,3.53500000,b,l
2025-07-11 10:11:24,1.00007000,17.17000000,b,l
2025-07-11 12:49:21,0.99986000,9.85222000,s,l
2025-07-11 13:41:16,0.99986000,117.19131139,s,l
2025-07-11 13:41:16,0.99986000,117.19131139,s,l
2025-07-11 13:41:16,0.99986000,117.19131139,s,l
2025-07-11 13:41:17,0.99986000,201.16114760,s,l
2025-07-11 13:41:17,0.99986000,201.20610660,s,l
2025-07-11 13:41:18,0.99986000,116.74549663,s,l
2025-07-11 13:41:18,0.99986000,116.74549663,s,l
2025-07-11 13:41:18,0.99986000,213.51912740,s,l
2025-07-11 13:41:19,0.99986000,228.13787890,s,l
2025-07-11 13:41:19,0.99986000,228.16797160,s,l
2025-07-11 13:41:20,0.99986000,116.99980031,s,l
2025-07-11 13:41:20,0.99986000,312.21612260,s,l
2025-07-11 13:41:21,0.99986000,189.36972192,s,l
2025-07-11 13:41:21,0.99986000,310.70028338,s,l
2025-07-11 13:41:24,0.99986000,311.93895940,s,l
2025-07-11 13:41:25,0.99986000,311.93790830,s,l
2025-07-11 13:41:26,0.99986000,311.94067390,s,l
2025-07-11 13:44:22,0.99986000,12.94964943,s,m
2025-07-11 13:49:49,1.00007000,4.04000000,b,l
2025-07-11 14:51:56,0.99986000,4.92611000,s,l
2025-07-11 16:11:08,1.00007000,9.91011000,b,l
2025-07-11 17:38:01,1.00007000,4.24200000,b,l
2025-07-11 17:43:23,1.00007000,17.65981000,b,l
2025-07-11 17:49:09,1.00007000,2.02000000,b,l
2025-07-11 17:50:17,1.00007000,11.97860000,b,l
2025-07-11 21:09:41,1.00007000,19.04867000,b,l
2025-07-11 21:11:33,0.99986000,19.04867000,s,l
2025-07-11 22:45:18,1.00007000,177.45578000,b,l
2025-07-11 22:46:32,1.00007000,22.14959000,b,l
2025-07-11 22:48:02,0.99986000,199.60537000,s,l
2025-07-11 23:05:30,1.00007000,9.99930000,b,l
2025-07-12 02:43:28,1.00007000,19.82022000,b,l
2025-07-12 02:50:44,0.99986000,19.82000000,s,l
2025-07-12 03:06:28,1.00007000,13.25342000,b,l
2025-07-12 03:08:14,1.00007000,14.34200000,b,l
2025-07-12 03:09:14,1.00007000,3.43400000,b,l
2025-07-12 03:10:06,1.00007000,4.04000000,b,l
2025-07-12 04:54:35,1.00007000,2.87607000,b,l
2025-07-12 04:56:53,0.99986000,2.98000000,s,l
2025-07-12 09:03:04,1.00006000,9.09000000,b,l
2025-07-12 09:03:55,1.00006000,4.04000000,b,l
2025-07-12 10:49:45,0.99986000,17.48496000,s,l
2025-07-12 11:27:47,1.00006000,4.25655000,b,l
2025-07-12 11:29:10,0.99986000,4.21441000,s,l
2025-07-12 20:13:07,0.99986000,3.44828000,s,l
2025-07-12 20:34:53,0.99986000,4.43350000,s,l
2025-07-12 21:54:05,0.99986000,51.09530000,s,l
2025-07-12 21:54:06,0.99986000,40.00560000,s,l
2025-07-12 23:42:29,1.00002000,102.59868000,b,m
2025-07-13 02:34:02,1.00002000,397.39132170,b,l
2025-07-13 02:34:02,1.00006000,60.05521830,b,l
2025-07-13 02:37:10,0.99982000,457.44654000,s,l
2025-07-13 10:07:38,1.00002000,5.05000000,b,l
2025-07-13 12:23:54,0.99982000,1.86387000,s,l
2025-07-13 14:58:19,1.00002000,5.05000000,b,l
2025-07-13 14:59:53,1.00002000,5.05000000,b,l
2025-07-13 16:21:04,1.00002000,4.04000000,b,l
2025-07-13 17:17:02,1.00002000,19.82121000,b,l
2025-07-13 18:38:41,0.99982000,6.00742000,s,l
2025-07-13 20:21:53,0.99982000,492.21871970,s,m
2025-07-13 20:21:53,0.99962000,1500.57011311,s,m
2025-07-13 20:21:53,0.99932000,1007.21116719,s,m
2025-07-13 20:55:07,1.00002000,466.02879170,b,l
2025-07-13 20:55:07,1.00002000,499.99000170,b,l
2025-07-13 20:55:08,1.00006000,28.42347024,b,l
2025-07-13 20:55:10,1.00002000,62.68489944,b,l
2025-07-13 20:55:10,1.00002000,411.02399243,b,l
2025-07-13 20:55:10,1.00002000,499.99000170,b,l
2025-07-13 20:55:11,1.00002000,499.99000170,b,l
2025-07-13 20:56:09,1.00002000,499.99000170,b,l
2025-07-13 22:31:58,0.99982000,19.84317176,s,m
2025-07-14 00:49:51,1.00002000,1.01002000,b,l
2025-07-14 02:29:19,1.00002000,23.73500000,b,l
2025-07-14 03:40:48,1.00002000,1.42533000,b,l
2025-07-14 03:41:30,1.00002000,2.51114000,b,l
2025-07-14 03:41:46,0.99982000,5.13706000,s,l
2025-07-14 04:47:09,0.99982000,14.92830000,s,l
2025-07-14 08:10:49,1.00002000,13.17027000,b,l
2025-07-14 09:49:05,0.99982000,89.41006548,s,l
2025-07-14 10:45:23,1.00002000,300.45648111,b,l
2025-07-14 10:45:24,1.00002000,300.45648112,b,l
2025-07-14 10:45:25,1.00002000,300.45648112,b,l
2025-07-14 10:45:27,1.00002000,300.45648112,b,l
2025-07-14 10:45:28,1.00002000,300.45648112,b,l
2025-07-14 10:45:29,1.00002000,300.44145167,b,l
2025-07-14 10:45:30,1.00002000,300.44145167,b,l
2025-07-14 10:45:31,1.00002000,300.44145167,b,l
2025-07-14 10:45:32,1.00002000,300.44145167,b,l
2025-07-14 10:45:34,1.00002000,300.42642282,b,l
2025-07-14 10:45:35,1.00002000,300.42642282,b,l
2025-07-14 10:45:36,1.00002000,300.42642282,b,l
2025-07-14 10:45:37,1.00002000,300.42642282,b,l
2025-07-14 10:45:38,1.00002000,300.42642282,b,l
2025-07-14 10:45:39,1.00002000,300.40858160,b,l
2025-07-14 10:45:40,1.00002000,300.40858160,b,l
2025-07-14 10:45:41,1.00002000,300.40858160,b,l
2025-07-14 10:45:41,1.00002000,199.58142010,b,l
2025-07-14 10:45:42,1.00002000,300.41158569,b,l
2025-07-14 10:45:43,1.00002000,300.41158568,b,l
2025-07-14 10:45:44,1.00002000,408.99113364,b,l
2025-07-14 10:45:44,1.00023000,300.39657375,b,l
2025-07-14 10:45:44,1.00002000,499.98500180,b,l
2025-07-14 10:45:45,1.00002000,0.00499990,b,l
2025-07-14 10:45:45,1.00002000,300.38856990,b,l
2025-07-14 10:45:46,1.00002000,308.54895815,b,l
2025-07-14 10:45:46,1.00023000,300.39657374,b,l
2025-07-14 10:45:46,1.00023000,300.48674493,b,l
2025-07-14 10:45:46,1.00002000,400.09815656,b,l
2025-07-14 10:45:47,1.00002000,73.90835289,b,l
2025-07-14 10:45:48,1.00002000,117.07165856,b,l
2025-07-14 10:45:57,1.00002000,300.46128429,b,l
2025-07-14 10:45:59,1.00002000,300.46128429,b,l
2025-07-14 10:46:01,1.00002000,300.46128429,b,l
2025-07-14 10:46:02,1.00002000,300.46128429,b,l
2025-07-14 10:46:03,1.00002000,300.46128429,b,l
2025-07-14 10:46:04,1.00002000,300.46128429,b,l
2025-07-14 10:46:05,1.00002000,300.46128429,b,l
2025-07-14 10:46:06,1.00002000,300.46128429,b,l
2025-07-14 10:46:07,1.00002000,300.46128429,b,l
2025-07-14 10:46:08,1.00002000,250.35174935,b,l
2025-07-14 10:46:13,1.00002000,249.63825235,b,l
2025-07-14 10:46:14,1.00002000,250.34175435,b,l
2025-07-14 10:46:15,1.00002000,249.64824735,b,l
2025-07-14 10:46:16,1.00002000,250.34175435,b,l
2025-07-14 10:46:17,1.00002000,249.64824735,b,l
2025-07-14 10:46:17,1.00023000,0.60274354,b,l
2025-07-14 10:46:18,1.00002000,250.25099089,b,l
2025-07-14 10:46:19,1.00002000,249.73901081,b,l
2025-07-14 10:46:20,1.00002000,250.25099089,b,l
2025-07-14 10:46:20,1.00002000,249.73901081,b,l
2025-07-14 10:46:21,1.00002000,250.25099089,b,l
2025-07-14 10:46:22,1.00002000,249.73901081,b,l
2025-07-14 10:46:23,1.00002000,250.25099089,b,l
2025-07-14 10:46:25,1.00002000,249.73901081,b,l
2025-07-14 10:46:26,1.00002000,250.25099089,b,l
2025-07-14 10:46:26,1.00002000,249.73901081,b,l
2025-07-14 10:46:27,1.00002000,229.36803743,b,l
2025-07-14 10:46:28,1.00002000,250.25099089,b,l
2025-07-14 10:46:29,1.00002000,250.20302493,b,l
2025-07-14 10:46:30,1.00002000,249.78697677,b,l
2025-07-14 10:46:30,1.00023000,0.46401412,b,l
2025-07-14 10:46:31,1.00002000,250.25099089,b,l
2025-07-14 10:46:31,1.00002000,249.73901081,b,l
2025-07-14 10:46:32,1.00002000,250.25099089,b,l
2025-07-14 10:46:33,1.00002000,249.73901081,b,l
2025-07-14 10:46:34,1.00002000,250.33954957,b,l
2025-07-14 10:46:35,1.00002000,249.65045213,b,l
2025-07-14 10:46:36,1.00002000,250.33954957,b,l
2025-07-14 10:50:41,1.00002000,249.01683189,b,l
2025-07-14 10:50:42,1.00002000,300.12335873,b,l
2025-07-14 10:50:43,1.00002000,300.32016439,b,l
2025-07-14 10:50:44,1.00002000,300.32096118,b,l
2025-07-14 10:50:45,1.00002000,300.32096118,b,l
2025-07-14 10:50:46,1.00002000,300.32096118,b,l
2025-07-14 10:50:47,1.00002000,300.32096118,b,l
2025-07-14 10:50:48,1.00002000,300.32096118,b,l
2025-07-14 10:50:49,1.00002000,300.32096118,b,l
2025-07-14 10:50:50,1.00002000,300.32096118,b,l
2025-07-14 10:50:51,1.00002000,300.32096118,b,l
2025-07-14 10:50:52,1.00002000,300.32096118,b,l
2025-07-14 11:13:00,1.00002000,450.54098028,b,l
2025-07-14 11:13:01,1.00002000,450.54098028,b,l
2025-07-14 11:13:02,1.00002000,27.45076982,b,l
2025-07-14 11:13:02,1.00002000,116.89462733,b,l
2025-07-14 11:13:03,1.00002000,306.19603997,b,l
2025-07-14 11:13:04,1.00002000,47.24715505,b,l
2025-07-14 11:54:47,1.00002000,5.00000000,b,m
2025-07-14 11:57:11,0.99500000,5.00000000,s,l
2025-07-14 12:02:25,1.00007000,99.99300049,b,l
2025-07-14 12:02:25,1.00007000,39.99720020,b,l
2025-07-14 12:02:27,1.00007000,29.99790015,b,l
2025-07-14 12:02:28,1.00007000,14.99895008,b,l
2025-07-14 12:02:28,1.00007000,19.99860010,b,l
2025-07-14 12:03:40,1.00007000,119.99160059,b,l
2025-07-14 12:04:29,1.00008000,19.99840013,b,l
2025-07-14 12:04:31,1.00008000,44.99640029,b,l
2025-07-14 12:04:31,1.00008000,59.99520039,b,l
2025-07-14 12:04:31,1.00008000,99.99200064,b,l
2025-07-14 12:04:31,1.00008000,99.99200064,b,l
2025-07-14 12:21:43,1.00008000,249.98000160,b,l
2025-07-14 14:40:28,1.00008000,249.98000159,b,l
2025-07-14 14:40:28,1.00027000,109.66038841,b,l
2025-07-14 15:14:35,1.00008000,9.99920000,b,l
2025-07-14 15:14:59,0.99986000,1.50000000,s,l
2025-07-14 15:15:34,0.99986000,1.40000000,s,l
2025-07-14 15:21:42,0.99986000,1.00000000,s,l
2025-07-14 15:22:21,0.99986000,2.00000000,s,l
2025-07-14 15:23:01,0.99986000,1.00000000,s,l
2025-07-14 15:23:39,0.99986000,1.00000000,s,l
2025-07-14 15:25:21,0.99986000,1.00000000,s,l
2025-07-14 15:27:21,0.99986000,1.00000000,s,l
2025-07-14 15:37:19,0.99986000,99.70089730,s,m
2025-07-14 16:25:02,0.99986000,1.00000000,s,l
2025-07-14 16:54:30,0.99986000,2.00000000,s,l
2025-07-14 21:36:18,0.99985000,5.89736450,s,l
2025-07-14 22:20:22,0.99984000,102.59868000,s,m
2025-07-14 23:02:01,0.99984000,9.99999000,s,l
2025-07-15 01:10:02,1.00005000,19.82061000,b,l
2025-07-15 01:11:34,1.00005000,19.82061000,b,l
2025-07-15 02:06:05,0.99982000,102.90000000,s,l
2025-07-15 02:06:05,0.99982000,107.00000000,s,l
2025-07-15 03:09:48,0.99982000,4.43350000,s,l
2025-07-15 03:22:48,1.00002000,499.99000170,b,l
2025-07-15 03:22:48,1.00023000,56.51821830,b,l
2025-07-15 04:03:56,0.99982000,7.38916000,s,l
2025-07-15 04:19:44,0.99982000,3.93000000,s,l
2025-07-15 08:59:05,0.99982000,26.00000000,s,l
2025-07-15 08:59:05,0.99982000,17.31000000,s,l
2025-07-15 08:59:05,0.99982000,16.52000000,s,l
2025-07-15 09:56:01,0.99982000,17.28000000,s,l
2025-07-15 14:19:47,1.00003000,499.98969846,b,l
2025-07-15 14:19:47,1.00023000,656.71674154,b,l
2025-07-15 14:59:14,0.99982000,9.25000000,s,l
2025-07-15 15:34:53,0.99982000,14.37155000,s,l
2025-07-15 16:04:03,1.00003000,2.30480000,b,l
2025-07-15 16:06:54,0.99982000,3.30482000,s,l
2025-07-15 18:13:31,1.00003000,198.21011000,b,l
2025-07-15 19:44:21,0.99982000,198.21011000,s,l
2025-07-16 01:20:50,0.99986000,39.24873000,s,l
2025-07-16 02:52:09,1.00007000,19.82022000,b,l
2025-07-16 04:40:22,1.00007000,318.33252000,b,l
2025-07-16 06:33:28,1.00007000,12.27293689,b,m
2025-07-16 07:51:10,0.99986000,12.27293689,s,m
2025-07-16 09:19:41,0.99986000,448.54833841,s,m
2025-07-16 09:19:41,0.99966000,675.07568082,s,m
2025-07-16 09:27:34,0.99986000,499.34941296,s,l
2025-07-16 11:31:49,1.02000000,5.00000000,b,m
2025-07-16 11:31:49,1.02145000,103.01829192,b,m
2025-07-16 12:07:02,0.99986000,500.07000530,s,l
2025-07-16 12:07:02,0.99966000,633.84474470,s,l
2025-07-16 13:08:47,1.00007000,4.54768000,b,l
2025-07-16 13:33:19,0.99986000,16.15035070,s,l
2025-07-16 13:34:12,0.99986000,10.00000000,s,l
2025-07-16 13:34:36,0.99986000,10.00000000,s,l
2025-07-16 13:35:09,0.99986000,10.00000000,s,l
2025-07-16 13:35:37,0.99986000,10.00000000,s,l
2025-07-16 13:36:00,0.99986000,10.00000000,s,l
2025-07-16 14:00:36,1.00007000,10.10000000,b,l
2025-07-16 14:01:11,1.00007000,20.20000000,b,l
2025-07-16 14:02:33,1.00007000,13.34192000,b,l
2025-07-16 14:03:02,1.00007000,10.09653000,b,l
2025-07-16 14:04:15,1.00007000,2.75206000,b,l
2025-07-16 14:56:25,0.99986000,433.91965460,s,l
2025-07-16 15:16:10,0.99986000,366.31993344,s,l
2025-07-16 15:16:17,0.99986000,115.97314122,s,l
2025-07-16 15:16:26,0.99986000,384.09686408,s,l
2025-07-16 15:16:26,0.99970000,5.25000000,s,l
2025-07-16 15:16:26,0.99966000,109.90112008,s,l
2025-07-16 15:30:31,0.99986000,499.11996567,s,l
2025-07-16 15:30:31,0.99966000,346.12959451,s,l
2025-07-16 15:30:33,0.99986000,499.03319118,s,l
2025-07-16 15:30:33,0.99986000,499.03319118,s,l
2025-07-16 15:30:34,0.99986000,498.91391888,s,l
2025-07-16 15:30:53,0.99986000,185.88183590,s,l
2025-07-16 15:30:56,0.99986000,117.13377624,s,l
2025-07-16 15:55:16,1.00007000,102.28574344,b,l
2025-07-16 15:55:55,0.99986000,99.34887387,s,l
2025-07-16 16:04:08,0.99986000,305.38170000,s,l
2025-07-16 16:11:01,0.99986000,44.25870000,s,l
2025-07-16 18:17:56,1.00005000,499.97500124,b,l
2025-07-16 18:17:56,1.00026000,1448.84636876,b,l
2025-07-16 18:18:58,1.00005000,199.10930000,b,l
2025-07-16 18:23:28,0.99985000,500.07500625,s,l
2025-07-16 18:23:28,0.99965000,1500.52509376,s,l
2025-07-16 18:23:28,0.99935000,72.39989999,s,l
2025-07-16 18:24:00,0.99985000,55.85000000,s,l
2025-07-16 18:32:02,0.99985000,39.99720020,s,m
2025-07-16 18:32:02,0.99985000,99.99200064,s,m
2025-07-16 18:40:26,0.99985000,29.99790015,s,m
2025-07-16 18:40:26,0.99985000,99.99200064,s,m
2025-07-16 18:40:26,0.99965000,99.99300049,s,m
2025-07-16 18:40:26,0.99965000,249.98000160,s,m
2025-07-16 18:40:26,0.99965000,19.99840013,s,m
2025-07-16 18:40:26,0.99965000,119.99160059,s,m
2025-07-16 18:40:26,0.99965000,50.00000000,s,m
2025-07-16 18:40:33,0.99985000,59.99520039,s,m
2025-07-16 18:40:34,0.99985000,19.99860010,s,m
2025-07-16 18:40:34,0.99985000,44.99640029,s,m
2025-07-16 18:40:34,0.99985000,14.99895008,s,m
2025-07-16 18:40:34,0.99985000,158.45544831,s,m
2025-07-16 19:36:35,0.99985000,9.60328317,s,l
2025-07-16 20:07:55,1.00005000,23.56671000,b,l
2025-07-16 20:09:07,0.99985000,23.56671000,s,l
2025-07-16 20:13:20,1.00005000,24.77577000,b,l
2025-07-16 20:27:04,0.99985000,148.51485000,s,l
2025-07-16 23:31:46,1.00005000,1.18924000,b,l
2025-07-16 23:47:42,0.99985000,24.75248000,s,l
2025-07-17 01:16:17,0.99985000,2.00000000,s,l
2025-07-17 04:43:33,0.99985000,166.66586000,s,l
2025-07-17 06:06:55,1.00005000,190.52566000,b,l
2025-07-17 06:35:40,0.99985000,89.10891000,s,l
2025-07-17 06:36:02,0.99985000,99.53036000,s,l
2025-07-17 07:32:07,0.99985000,5.28572000,s,l
2025-07-17 08:20:48,0.99985000,24.75248000,s,l
2025-07-17 08:21:35,0.99985000,74.25743000,s,l
2025-07-17 12:56:29,1.00005000,75.75000000,b,l
2025-07-17 13:05:32,0.99985000,115.71694209,s,l
2025-07-17 13:07:24,0.99985000,115.72899371,s,l
2025-07-17 13:16:48,0.99985000,13.16910230,s,m
2025-07-17 13:16:54,1.00005000,23.22765000,b,l
2025-07-17 13:50:57,0.99985000,99.00990000,s,l
2025-07-17 14:09:13,1.00004000,40.00840000,b,l
2025-07-17 14:13:40,1.00004000,1.06996000,b,l
2025-07-17 14:15:31,0.99837000,1.99616000,s,l
2025-07-17 14:16:12,0.99837000,1.00000000,s,l
2025-07-17 14:16:30,1.00004000,22.78258000,b,l
2025-07-17 14:16:43,0.99837000,1.00000000,s,l
2025-07-17 14:17:19,0.99837000,1.00000000,s,l
2025-07-17 14:37:26,0.99985000,34.65347000,s,l
2025-07-17 15:41:27,0.99985000,22.31333000,s,l
2025-07-17 16:01:55,0.99985000,10.00000000,s,l
2025-07-17 16:02:23,0.99985000,10.00000000,s,l
2025-07-17 16:02:49,0.99985000,10.00000000,s,l
2025-07-17 16:03:16,0.99985000,10.00000000,s,l
2025-07-17 16:03:37,0.99985000,10.00000000,s,l
2025-07-17 16:04:00,0.99985000,10.00000000,s,l
2025-07-17 16:26:55,0.99985000,16.73500000,s,l
2025-07-17 16:41:51,1.00005000,53.71749000,b,l
2025-07-17 17:03:58,1.00005000,99.99500000,b,l
2025-07-17 19:05:28,0.99985000,10.18392000,s,l
2025-07-17 21:05:47,0.99985000,36.08220000,s,l
2025-07-18 02:56:29,1.00005000,49.08226000,b,l
2025-07-18 03:15:33,0.99985000,99.00990000,s,l
2025-07-18 03:31:35,1.00005000,48.29681000,b,l
2025-07-18 03:36:39,0.99985000,5.04241000,s,l
2025-07-18 03:49:17,1.00005000,18.18279000,b,l
2025-07-18 03:51:22,1.00005000,12.37406000,b,l
2025-07-18 03:52:54,1.00005000,2.86986000,b,l
2025-07-18 03:54:16,0.99985000,2.00000000,s,l
2025-07-18 04:01:33,1.00005000,13.56655000,b,l
2025-07-18 04:02:07,1.00005000,9.27229000,b,l
2025-07-18 04:27:34,1.00005000,6.97968000,b,l
2025-07-18 04:35:18,1.00005000,470.15648124,b,l
2025-07-18 04:35:18,1.00026000,329.73427876,b,l
2025-07-18 04:53:29,1.00005000,49.99750013,b,l
2025-07-18 05:23:05,0.99985000,28.36472000,s,l
2025-07-18 05:35:43,0.99985000,5.30240000,s,l
2025-07-18 06:12:04,0.99985000,78.71464000,s,l
2025-07-18 06:17:05,1.00005000,10.19836000,b,l
2025-07-18 06:32:17,0.99985000,145.71536188,s,l
2025-07-18 06:32:17,0.99985000,145.75917534,s,l
2025-07-18 06:32:18,0.99985000,145.80300199,s,l
2025-07-18 06:32:18,0.99985000,62.95348034,s,l
2025-07-18 06:32:19,0.99985000,83.14517542,s,l
2025-07-18 06:32:19,0.99985000,82.67530749,s,l
2025-07-18 06:32:20,0.99985000,83.15516068,s,l
2025-07-18 06:32:20,0.99985000,83.17703645,s,l
2025-07-18 06:32:21,0.99985000,83.19708033,s,l
2025-07-18 06:32:21,0.99985000,83.21700152,s,l
2025-07-18 06:32:22,0.99985000,83.23703756,s,l
2025-07-18 06:32:22,0.99985000,83.25707409,s,l
2025-07-18 06:33:30,1.00005000,7.67081000,b,l
2025-07-18 06:47:06,1.00005000,24.83540000,b,l
2025-07-18 06:48:30,1.00005000,49.35910000,b,l
2025-07-18 07:35:57,0.99985000,1.00000000,s,l
2025-07-18 07:46:13,1.00005000,5.71340000,b,l
2025-07-18 07:51:57,0.99985000,1.10039000,s,l
2025-07-18 10:36:24,0.99985000,41.00000000,s,l
2025-07-18 10:36:24,0.99985000,70.00000000,s,l
2025-07-18 13:11:14,0.99985000,87.24132000,s,l
2025-07-18 13:16:14,1.00005000,54.42589000,b,l
2025-07-18 13:53:30,1.00005000,13.57908000,b,l
2025-07-18 15:20:17,1.00005000,6.50731305,b,m
2025-07-18 16:42:31,0.99985000,500.07500625,s,l
2025-07-18 16:42:31,0.99965000,236.82380375,s,l
2025-07-18 16:49:10,1.00005000,1.99990000,b,l
2025-07-18 16:50:26,0.99985000,2.86976000,s,l
2025-07-18 18:04:25,0.99985000,155.11371000,s,l
2025-07-18 20:24:24,0.99985000,4.74877000,s,l
2025-07-18 21:26:59,1.00005000,499.97500124,b,l
2025-07-18 21:26:59,1.00026000,788.19942876,b,l
2025-07-18 22:08:10,1.00005000,1.98206000,b,l
2025-07-18 22:37:14,0.99985000,8.75857000,s,l
2025-07-19 01:24:25,0.99985000,1.98206000,s,l
2025-07-19 03:12:42,1.00005000,5.56367796,b,m
2025-07-19 03:37:20,1.00005000,1.89953000,b,l
