timestamp,price,volume,side,type
2026-02-05 23:03:48,0.18610000,2202.83589,b,l
2026-02-05 23:04:54,0.18740000,122.08895,b,l
2026-02-05 23:04:54,0.18740000,3735.33973,b,l
2026-02-05 23:04:54,0.18740000,2608.17132,b,l
2026-02-05 23:04:54,0.18760000,238.10000,b,l
2026-02-05 23:05:59,0.18730000,5338.68305,s,l
2026-02-05 23:09:39,0.18760000,121.95650,b,l
2026-02-05 23:10:06,0.18760000,1442.35230,b,l
2026-02-05 23:10:39,0.18790000,1054.51110,b,l
2026-02-05 23:11:17,0.18760000,123.37550,s,l
2026-02-05 23:11:26,0.18730000,122.42591,b,l
2026-02-05 23:12:19,0.18780000,1054.51110,b,l
2026-02-05 23:15:02,0.18720000,124.32230,b,l
2026-02-05 23:15:10,0.18720000,1705.91754,b,l
2026-02-05 23:15:10,0.18720000,3739.31623,b,l
2026-02-05 23:15:10,0.18720000,345.93750,b,l
2026-02-05 23:15:10,0.18720000,16790.57496,s,l
2026-02-05 23:15:10,0.18720000,6528.96197,s,l
2026-02-05 23:15:10,0.18720000,6031.57548,s,l
2026-02-05 23:15:10,0.18720000,5821.27647,s,l
2026-02-05 23:15:10,0.18720000,5607.32414,s,l
2026-02-05 23:15:10,0.18720000,5488.08536,s,l
2026-02-05 23:15:10,0.18720000,5467.50591,s,l
2026-02-05 23:15:10,0.18720000,5351.95294,s,l
2026-02-05 23:15:11,0.18720000,5424.12546,s,l
2026-02-05 23:15:11,0.18720000,6016.23287,s,l
2026-02-05 23:15:11,0.18720000,6961.02595,s,l
2026-02-05 23:15:11,0.18720000,7389.95518,s,l
2026-02-05 23:15:36,0.18750000,345.93750,s,l
2026-02-05 23:15:36,0.18750000,11384.77685,s,l
2026-02-05 23:16:07,0.18720000,10077.42857,s,l
2026-02-05 23:16:07,0.18720000,6839.94176,s,l
2026-02-05 23:16:07,0.18720000,6191.05294,s,l
2026-02-05 23:16:08,0.18720000,401.29594,s,l
2026-02-05 23:17:43,0.18680000,953.97780,b,l
2026-02-05 23:20:07,0.18650000,120.46460,s,l
2026-02-05 23:26:57,0.18540000,119.89250,b,l
2026-02-05 23:28:19,0.18580000,2153.42614,b,l
2026-02-05 23:28:19,0.18580000,345.93750,b,l
2026-02-05 23:28:19,0.18590000,2151.69445,b,l
2026-02-05 23:28:19,0.18590000,345.93750,b,l
2026-02-05 23:28:19,0.18590000,1308.10749,b,l
2026-02-05 23:28:19,0.18590000,3228.75381,b,l
2026-02-05 23:28:19,0.18590000,6456.74902,b,l
2026-02-05 23:28:19,0.18600000,345.93750,b,l
2026-02-05 23:28:19,0.18600000,1308.10749,b,l
2026-02-05 23:28:19,0.18600000,1392.61739,b,l
2026-02-05 23:28:19,0.18600000,1376.93103,b,l
2026-02-05 23:28:19,0.18600000,3227.00840,b,l
2026-02-05 23:28:19,0.18610000,345.93750,b,l
2026-02-05 23:28:19,0.18610000,1308.10749,b,l
2026-02-05 23:28:19,0.18610000,2153.47068,b,l
2026-02-05 23:28:19,0.18620000,345.93750,b,l
2026-02-05 23:28:19,0.18620000,1308.10749,b,l
2026-02-05 23:28:19,0.18620000,5370.89102,b,l
2026-02-05 23:28:19,0.18630000,345.93750,b,l
2026-02-05 23:28:19,0.18630000,6284.15294,b,l
2026-02-05 23:28:19,0.18640000,5366.43509,b,l
2026-02-05 23:28:19,0.18640000,345.93750,b,l
2026-02-05 23:28:19,0.18640000,400.86466,b,l
2026-02-05 23:28:19,0.18660000,345.93750,b,l
2026-02-05 23:28:19,0.18670000,345.93750,b,l
2026-02-05 23:28:19,0.18670000,2091.13791,b,l
2026-02-05 23:28:25,0.18590000,120.70870,b,l
2026-02-05 23:28:41,0.18600000,124.91690,b,l
2026-02-05 23:30:21,0.18600000,112.20090,b,l
2026-02-05 23:30:21,0.18600000,201.59737,b,l
2026-02-05 23:30:51,0.18610000,1054.51110,s,l
2026-02-05 23:31:20,0.18610000,21.54570,s,l
2026-02-05 23:32:23,0.18610000,66.92120,s,l
2026-02-05 23:32:23,0.18610000,987.58990,s,l
2026-02-05 23:33:31,0.18540000,1618.12297,b,m
2026-02-05 23:33:31,0.18540000,345.93750,b,m
2026-02-05 23:33:31,0.18540000,120.96478,b,m
2026-02-05 23:33:31,0.18550000,1414.97475,b,m
2026-02-05 23:35:12,0.18430000,1062.41010,s,l
2026-02-05 23:35:12,0.18430000,245.69739,s,l
2026-02-05 23:35:12,0.18430000,3266.68911,s,l
2026-02-05 23:35:12,0.18430000,318.73920,s,l
2026-02-05 23:35:12,0.18430000,4551.05555,s,l
2026-02-05 23:35:12,0.18430000,405.43228,s,l
2026-02-05 23:35:12,0.18420000,1308.10749,s,l
2026-02-05 23:35:12,0.18420000,8141.02437,s,l
2026-02-05 23:35:12,0.18420000,247.99503,s,l
2026-02-05 23:35:13,0.18410000,587.61350,s,l
2026-02-05 23:35:13,0.18410000,1103.03655,s,l
2026-02-05 23:35:13,0.18410000,847.35857,s,l
2026-02-05 23:35:13,0.18400000,345.93750,s,l
2026-02-05 23:35:18,0.18380000,123.69000,b,l
2026-02-05 23:35:19,0.18400000,1054.51110,b,l
2026-02-05 23:35:32,0.18390000,123.57400,b,l
2026-02-05 23:35:37,0.18380000,119.48710,b,l
2026-02-05 23:36:31,0.18380000,2177.14590,b,l
2026-02-05 23:36:35,0.18380000,124.51830,s,l
2026-02-05 23:37:06,0.18360000,124.76970,s,l
2026-02-05 23:37:24,0.18340000,123.60177,b,l
2026-02-05 23:37:24,0.18340000,1635.76873,b,l
2026-02-05 23:38:04,0.18380000,1054.51110,b,l
2026-02-05 23:38:33,0.18370000,763.08970,s,l
2026-02-05 23:38:33,0.18370000,1306.37800,s,l
2026-02-05 23:38:33,0.18370000,989.47410,s,l
2026-02-05 23:41:48,0.18320000,1638.18225,b,l
2026-02-05 23:41:48,0.18320000,118.92085,b,l
2026-02-05 23:41:49,0.18300000,2050.00000,s,l
2026-02-05 23:41:49,0.18290000,2517.79948,s,l
2026-02-05 23:41:55,0.18250000,345.93750,s,l
2026-02-05 23:41:55,0.18240000,345.93750,s,l
2026-02-05 23:41:55,0.18240000,2034.40636,s,l
2026-02-05 23:41:59,0.18260000,167.57890,b,l
2026-02-05 23:42:16,0.18250000,1847.92420,s,l
2026-02-05 23:44:27,0.18280000,54.16300,b,l
2026-02-05 23:45:34,0.18270000,27.36727,b,m
2026-02-05 23:47:41,0.18280000,1066.47610,b,l
2026-02-05 23:48:03,0.18290000,123.73270,s,l
2026-02-05 23:48:40,0.18240000,5482.09408,s,l
2026-02-05 23:48:40,0.18240000,1492.61662,s,l
2026-02-05 23:48:44,0.18220000,121.05440,b,l
2026-02-05 23:49:02,0.18300000,124.43798,s,l
2026-02-05 23:49:13,0.18310000,2184.87900,b,l
2026-02-05 23:49:13,0.18320000,1917.79930,b,l
2026-02-05 23:49:34,0.18310000,345.93750,b,l
2026-02-05 23:49:34,0.18310000,1838.66108,b,l
2026-02-05 23:50:54,0.18290000,309.74240,b,l
2026-02-05 23:51:34,0.18290000,1308.10740,s,l
2026-02-05 23:51:35,0.18280000,1308.10749,s,l
2026-02-05 23:51:35,0.18280000,4348.05101,s,l
2026-02-05 23:51:35,0.18280000,606.89510,s,l
2026-02-05 23:51:35,0.18280000,514.69603,s,l
2026-02-05 23:51:35,0.18280000,1197.88907,s,l
2026-02-05 23:51:35,0.18280000,741.89260,s,l
2026-02-05 23:51:35,0.18280000,929.26160,s,l
2026-02-05 23:51:35,0.18280000,1693.66400,s,l
2026-02-05 23:51:35,0.18280000,3642.98200,s,l
2026-02-05 23:52:47,0.18130000,5514.70241,s,l
2026-02-05 23:52:47,0.18120000,345.93750,s,l
2026-02-05 23:52:47,0.18120000,731.66249,s,l
2026-02-05 23:52:47,0.18120000,2915.86870,s,l
2026-02-05 23:52:49,0.18100000,2050.00000,s,l
2026-02-05 23:53:04,0.18100000,1066.47611,s,l
2026-02-05 23:53:15,0.18110000,555.88700,s,l
2026-02-05 23:53:15,0.18110000,555.88700,s,l
2026-02-05 23:53:15,0.18100000,1066.47611,s,l
2026-02-05 23:53:24,0.18090000,1066.47610,b,l
2026-02-05 23:53:29,0.18080000,1252.87280,s,l
2026-02-05 23:53:41,0.18100000,122.05710,b,l
2026-02-05 23:53:56,0.18100000,203.91010,s,l
2026-02-05 23:54:00,0.18110000,119.50900,b,l
2026-02-05 23:54:05,0.18100000,775.83696,s,l
2026-02-05 23:55:13,0.18150000,120.80130,b,l
2026-02-05 23:56:01,0.18140000,118.82330,b,l
2026-02-05 23:56:03,0.18150000,123.96320,b,l
2026-02-05 23:56:16,0.18140000,120.08230,s,l
2026-02-05 23:56:21,0.18110000,122.65110,b,l
2026-02-05 23:56:49,0.18150000,123.97610,b,l
2026-02-05 23:58:10,0.18130000,1248.02180,s,l
2026-02-05 23:58:43,0.18130000,119.00270,b,l
2026-02-06 00:02:49,0.18130000,122.36240,s,l
2026-02-06 00:03:12,0.18040000,2050.00000,s,l
2026-02-06 00:03:12,0.18040000,1426.13090,s,l
2026-02-06 00:03:15,0.18030000,345.93750,b,l
2026-02-06 00:03:15,0.18040000,990.78580,b,l
2026-02-06 00:03:18,0.17980000,121.71310,b,l
2026-02-06 00:03:24,0.17970000,2226.47740,b,l
2026-02-06 00:03:26,0.17990000,123.41475,b,l
2026-02-06 00:03:26,0.17990000,2223.87682,b,l
2026-02-06 00:03:26,0.18000000,1066.47611,b,l
2026-02-06 00:03:28,0.18000000,1066.47610,b,l
2026-02-06 00:04:01,0.18190000,122.32538,s,l
2026-02-06 00:04:01,0.18180000,1065.86390,s,l
2026-02-06 00:04:01,0.18180000,2050.00000,s,l
2026-02-06 00:04:01,0.18180000,432.70933,s,l
2026-02-06 00:04:35,0.18130000,121.27274,b,l
2026-02-06 00:04:35,0.18130000,345.93750,b,l
2026-02-06 00:04:35,0.18140000,613.53471,b,l
2026-02-06 00:04:40,0.18130000,121.60550,b,l
2026-02-06 00:04:47,0.18130000,124.59160,b,l
2026-02-06 00:05:08,0.18090000,119.30700,b,l
2026-02-06 00:05:38,0.18000000,124.37810,b,l
2026-02-06 00:05:46,0.17940000,48.00000,s,l
2026-02-06 00:05:49,0.17940000,118.88836,b,l
2026-02-06 00:05:49,0.17940000,1097.16514,b,l
2026-02-06 00:05:49,0.17940000,121.84840,b,l
2026-02-06 00:06:17,0.17840000,124.27920,b,l
2026-02-06 00:06:28,0.17890000,122.84600,b,l
2026-02-06 00:06:29,0.17900000,405.43228,b,l
2026-02-06 00:06:51,0.17870000,121.88130,b,l
2026-02-06 00:06:54,0.17900000,123.20650,b,l
2026-02-06 00:07:06,0.17980000,403.62843,s,l
2026-02-06 00:07:33,0.17960000,121.30870,b,l
2026-02-06 00:07:34,0.17970000,1194.63540,b,l
2026-02-06 00:07:34,0.17970000,663.21140,b,l
2026-02-06 00:07:34,0.17970000,368.85770,b,l
2026-02-06 00:07:34,0.17980000,2050.00000,b,l
2026-02-06 00:07:34,0.17980000,175.52350,b,l
2026-02-06 00:08:45,0.17890000,13275.67517,s,l
2026-02-06 00:08:45,0.17890000,8080.47810,s,l
2026-02-06 00:08:45,0.17890000,8665.38875,s,l
2026-02-06 00:08:45,0.17890000,7749.08419,s,l
2026-02-06 00:08:46,0.17890000,3992.74680,s,l
2026-02-06 00:09:04,0.17850000,12210.98152,s,l
2026-02-06 00:09:04,0.17850000,10074.56230,s,l
2026-02-06 00:09:05,0.17850000,8333.52232,s,l
2026-02-06 00:09:05,0.17850000,11234.05180,s,l
2026-02-06 00:09:07,0.17840000,18641.50228,s,l
2026-02-06 00:09:07,0.17840000,175.52350,s,l
2026-02-06 00:09:07,0.17840000,12766.18498,s,l
2026-02-06 00:09:07,0.17840000,7289.34390,s,l
2026-02-06 00:09:07,0.17840000,5715.68030,s,l
2026-02-06 00:09:08,0.17840000,13415.99244,s,l
2026-02-06 00:09:08,0.17840000,8200.00000,s,l
2026-02-06 00:09:08,0.17840000,6953.43704,s,l
2026-02-06 00:09:08,0.17840000,6285.44581,s,l
2026-02-06 00:09:09,0.17840000,3065.28984,s,l
2026-02-06 00:09:09,0.17840000,3065.28984,s,l
2026-02-06 00:09:09,0.17840000,2050.00000,s,l
2026-02-06 00:09:09,0.17840000,2050.00000,s,l
2026-02-06 00:09:09,0.17840000,356.01680,s,l
2026-02-06 00:09:09,0.17840000,3743.98320,s,l
2026-02-06 00:09:09,0.17840000,1337.96640,s,l
2026-02-06 00:09:09,0.17840000,2050.00000,s,l
2026-02-06 00:09:09,0.17840000,356.01680,s,l
2026-02-06 00:09:11,0.17810000,2000.00000,s,l
2026-02-06 00:09:11,0.17810000,345.93750,s,l
2026-02-06 00:09:11,0.17810000,4388.60536,s,l
2026-02-06 00:09:12,0.17800000,54.16410,s,l
2026-02-06 00:09:12,0.17800000,13280.55106,s,l
2026-02-06 00:09:12,0.17800000,13680.24892,s,l
2026-02-06 00:09:12,0.17800000,2000.00000,s,l
2026-02-06 00:09:12,0.17800000,2050.00000,s,l
2026-02-06 00:09:12,0.17800000,356.01680,s,l
2026-02-06 00:09:12,0.17800000,2050.00000,s,l
2026-02-06 00:09:12,0.17800000,2050.00000,s,l
2026-02-06 00:09:12,0.17800000,1025.00000,s,l
2026-02-06 00:09:12,0.17800000,6828.13103,s,l
2026-02-06 00:09:12,0.17800000,5852.96544,s,l
2026-02-06 00:09:12,0.17800000,8287.61394,s,l
2026-02-06 00:09:12,0.17800000,1077.59999,s,l
2026-02-06 00:09:13,0.17800000,5779.28466,s,l
2026-02-06 00:09:13,0.17800000,5854.69964,s,l
2026-02-06 00:09:13,0.17800000,5998.08577,s,l
2026-02-06 00:09:13,0.17800000,5983.89757,s,l
2026-02-06 00:09:13,0.17800000,9725.28538,s,l
2026-02-06 00:09:13,0.17800000,5881.64692,s,l
2026-02-06 00:09:13,0.17800000,6267.89004,s,l
2026-02-06 00:09:13,0.17800000,5929.66561,s,l
2026-02-06 00:09:14,0.17800000,614.00000,s,l
2026-02-06 00:09:14,0.17800000,614.00000,s,l
2026-02-06 00:09:14,0.17800000,137.19335,s,l
2026-02-06 00:09:14,0.17760000,281.00000,s,l
2026-02-06 00:09:14,0.17760000,7585.83984,s,l
2026-02-06 00:09:14,0.17760000,1517.16806,s,l
2026-02-06 00:09:14,0.17760000,303.43359,s,l
2026-02-06 00:09:14,0.17760000,60.68671,s,l
2026-02-06 00:09:14,0.17760000,1077.59999,s,l
2026-02-06 00:09:15,0.17760000,344.00000,s,l
2026-02-06 00:09:15,0.17760000,394.00000,s,l
2026-02-06 00:09:15,0.17760000,425.00000,s,l
2026-02-06 00:09:15,0.17760000,1223.00000,s,l
2026-02-06 00:09:16,0.17760000,1077.59999,s,l
2026-02-06 00:09:16,0.17760000,74.16839,s,l
2026-02-06 00:09:17,0.17760000,374.34013,s,l
2026-02-06 00:09:17,0.17760000,374.34013,s,l
2026-02-06 00:09:17,0.17760000,1077.59999,s,l
2026-02-06 00:09:19,0.17760000,1077.59999,s,l
2026-02-06 00:09:19,0.17760000,1167.39999,s,l
2026-02-06 00:09:19,0.17760000,503.00000,s,l
2026-02-06 00:09:19,0.17760000,1227.00000,s,l
2026-02-06 00:09:19,0.17760000,2375.00000,s,l
2026-02-06 00:09:19,0.17760000,1794.00000,s,l
2026-02-06 00:09:19,0.17760000,1302.00000,s,l
2026-02-06 00:09:19,0.17760000,1505.00000,s,l
2026-02-06 00:09:19,0.17760000,7050.21900,s,l
2026-02-06 00:09:20,0.17760000,261.00000,s,l
2026-02-06 00:09:20,0.17760000,1848.00000,s,l
2026-02-06 00:09:20,0.17760000,541.00000,s,l
2026-02-06 00:09:20,0.17760000,436.00000,s,l
2026-02-06 00:09:20,0.17760000,1077.59999,s,l
2026-02-06 00:09:21,0.17760000,298.00000,s,l
2026-02-06 00:09:21,0.17760000,239.00000,s,l
2026-02-06 00:09:21,0.17760000,229.13213,s,l
2026-02-06 00:09:21,0.17760000,164.00000,s,l
2026-02-06 00:09:22,0.17760000,132.00000,s,l
2026-02-06 00:09:22,0.17760000,90.00000,s,l
2026-02-06 00:09:22,0.17760000,384.37500,s,l
2026-02-06 00:09:22,0.17760000,238.10000,s,l
2026-02-06 00:09:22,0.17760000,90.00000,s,l
2026-02-06 00:09:26,0.17760000,435.00000,s,l
2026-02-06 00:09:26,0.17760000,1139.08560,s,l
2026-02-06 00:09:26,0.17740000,272.00000,s,l
2026-02-06 00:09:26,0.17740000,512.00000,s,l
2026-02-06 00:09:29,0.17750000,1409.37500,b,l
2026-02-06 00:09:29,0.17750000,2050.00000,b,l
2026-02-06 00:09:29,0.17750000,1409.37500,b,l
2026-02-06 00:09:29,0.17750000,762.11850,b,l
2026-02-06 00:09:29,0.17760000,121.49260,b,l
2026-02-06 00:09:29,0.17750000,120.16535,s,l
2026-02-06 00:09:29,0.17750000,2000.00000,s,l
2026-02-06 00:09:29,0.17750000,345.93750,s,l
2026-02-06 00:09:29,0.17770000,12300.00000,b,l
2026-02-06 00:09:29,0.17770000,2050.00000,b,l
2026-02-06 00:09:29,0.17770000,1807.01390,b,l
2026-02-06 00:09:29,0.17770000,4100.00000,b,l
2026-02-06 00:09:29,0.17770000,13632.74160,b,l
2026-02-06 00:09:29,0.17770000,2000.00000,s,l
2026-02-06 00:09:29,0.17770000,345.93750,s,l
2026-02-06 00:09:29,0.17750000,2437.38174,s,l
2026-02-06 00:09:29,0.17750000,872.79527,s,l
2026-02-06 00:09:29,0.17750000,345.93750,s,l
2026-02-06 00:09:29,0.17750000,2000.00000,s,l
2026-02-06 00:09:32,0.17790000,345.93750,s,l
2026-02-06 00:09:32,0.17790000,345.93750,s,l
2026-02-06 00:09:32,0.17780000,345.93750,s,l
2026-02-06 00:09:32,0.17780000,2000.00000,s,l
2026-02-06 00:09:33,0.17780000,345.93750,s,l
2026-02-06 00:09:33,0.17780000,1308.10749,s,l
2026-02-06 00:09:33,0.17770000,3124.28862,s,l
2026-02-06 00:09:34,0.17820000,2050.00000,b,l
2026-02-06 00:09:35,0.17800000,1066.47611,s,l
2026-02-06 00:09:35,0.17800000,345.93750,s,l
2026-02-06 00:09:35,0.17820000,1538.05210,b,l
2026-02-06 00:09:35,0.17820000,2050.00002,b,l
2026-02-06 00:09:35,0.17810000,345.93750,s,l
2026-02-06 00:09:37,0.17830000,4762.67673,s,l
2026-02-06 00:09:38,0.17830000,345.93750,s,l
2026-02-06 00:09:38,0.17830000,345.93750,s,l
2026-02-06 00:09:40,0.17860000,121.80761,s,l
2026-02-06 00:09:40,0.17860000,345.93750,s,l
2026-02-06 00:09:40,0.17870000,5695.86306,b,l
2026-02-06 00:09:41,0.17870000,121.95845,s,l
2026-02-06 00:09:41,0.17840000,345.93750,s,l
2026-02-06 00:09:41,0.17830000,345.93750,s,l
2026-02-06 00:09:41,0.17830000,6377.29214,s,l
2026-02-06 00:09:45,0.17820000,2522.62253,s,l
2026-02-06 00:09:45,0.17820000,345.93750,s,l
2026-02-06 00:09:49,0.17850000,5680.92260,b,l
2026-02-06 00:09:50,0.17840000,2520.00302,s,l
2026-02-06 00:09:50,0.17840000,4760.00623,s,l
2026-02-06 00:09:52,0.17830000,345.93750,s,l
2026-02-06 00:09:52,0.17830000,121.28799,s,l
2026-02-06 00:10:00,0.17820000,2524.23741,s,l
2026-02-06 00:10:03,0.17810000,1308.10749,s,l
2026-02-06 00:10:03,0.17810000,345.93750,s,l
2026-02-06 00:10:03,0.17810000,2000.00000,s,l
2026-02-06 00:10:03,0.17830000,4288.54392,b,l
2026-02-06 00:10:03,0.17830000,124.65017,b,l
2026-02-06 00:10:04,0.17850000,119.00429,b,l
2026-02-06 00:10:06,0.17860000,403.62840,b,l
2026-02-06 00:10:10,0.17890000,1066.47610,b,l
2026-02-06 00:10:11,0.17880000,1308.10749,s,l
2026-02-06 00:10:11,0.17880000,345.93750,s,l
2026-02-06 00:10:11,0.17880000,860.33127,s,l
2026-02-06 00:10:13,0.17860000,345.93750,s,l
2026-02-06 00:10:13,0.17860000,1308.10749,s,l
2026-02-06 00:10:13,0.17860000,3101.01673,s,l
2026-02-06 00:10:14,0.17860000,119.68158,s,l
2026-02-06 00:10:15,0.17850000,120.40379,s,l
2026-02-06 00:10:16,0.17840000,2520.80503,s,l
2026-02-06 00:10:19,0.17840000,123.65247,s,l
2026-02-06 00:10:19,0.17840000,345.93750,s,l
2026-02-06 00:10:19,0.17830000,404.30733,s,l
2026-02-06 00:10:19,0.17830000,2000.00000,s,l
2026-02-06 00:10:20,0.17810000,2767.50000,s,l
2026-02-06 00:10:20,0.17810000,2050.00000,s,l
2026-02-06 00:10:20,0.17810000,3601.17279,s,l
2026-02-06 00:10:23,0.17780000,345.93750,s,l
2026-02-06 00:10:24,0.17790000,345.93750,s,l
2026-02-06 00:10:24,0.17780000,345.93750,s,l
2026-02-06 00:10:24,0.17780000,2000.00000,s,l
2026-02-06 00:10:28,0.17780000,6745.32098,s,l
2026-02-06 00:10:29,0.17790000,2528.27932,s,l
2026-02-06 00:10:29,0.17790000,345.93750,s,l
2026-02-06 00:10:35,0.17780000,2529.49592,s,l
2026-02-06 00:10:35,0.17780000,4778.70275,s,l
2026-02-06 00:10:38,0.17720000,1308.10749,s,l
2026-02-06 00:10:41,0.17740000,2535.38635,s,l
2026-02-06 00:10:43,0.17720000,4794.84280,s,l
2026-02-06 00:10:43,0.17720000,6770.27968,s,l
2026-02-06 00:10:45,0.17730000,120.62400,s,l
2026-02-06 00:10:46,0.17730000,2537.01728,s,l
2026-02-06 00:10:49,0.17720000,123.86060,s,l
2026-02-06 00:10:49,0.17720000,120.84497,s,l
2026-02-06 00:10:49,0.17720000,5643.34085,s,l
2026-02-06 00:10:56,0.17740000,2535.58999,s,l
2026-02-06 00:11:01,0.17740000,2249.42394,s,l
2026-02-06 00:11:01,0.17730000,2249.50797,s,l
2026-02-06 00:11:15,0.17700000,118.85410,b,l
2026-02-06 00:11:17,0.17690000,121.07672,s,l
2026-02-06 00:11:19,0.17670000,119.33250,s,l
2026-02-06 00:11:22,0.17630000,2181.60600,s,l
2026-02-06 00:11:25,0.17590000,1066.47610,s,l
2026-02-06 00:11:26,0.17600000,1066.47610,b,l
2026-02-06 00:11:30,0.17700000,404.30730,b,l
2026-02-06 00:11:42,0.17690000,404.53589,s,l
2026-02-06 00:11:49,0.17640000,124.85210,b,l
2026-02-06 00:12:01,0.17600000,1066.47610,s,l
2026-02-06 00:12:04,0.17520000,345.93750,s,l
2026-02-06 00:12:04,0.17520000,5707.57684,s,l
2026-02-06 00:12:04,0.17520000,412.08566,s,l
2026-02-06 00:12:05,0.17540000,959.71113,s,l
2026-02-06 00:12:05,0.17540000,345.93750,s,l
2026-02-06 00:12:05,0.17520000,345.93750,s,l
2026-02-06 00:12:05,0.17510000,345.93750,s,l
2026-02-06 00:12:05,0.17510000,5244.04332,s,l
2026-02-06 00:12:06,0.17590000,123.38570,b,l
2026-02-06 00:12:06,0.17610000,404.53595,b,l
2026-02-06 00:12:06,0.17610000,1066.47605,b,l
2026-02-06 00:12:16,0.17640000,238.10000,b,l
2026-02-06 00:12:16,0.17630000,1308.10749,s,l
2026-02-06 00:12:16,0.17630000,345.93750,s,l
2026-02-06 00:12:20,0.17700000,123.46039,s,l
2026-02-06 00:12:22,0.17650000,403.61925,s,l
2026-02-06 00:12:24,0.17610000,345.93750,s,l
2026-02-06 00:12:25,0.17600000,345.93750,s,l
2026-02-06 00:12:25,0.17600000,2000.00000,s,l
2026-02-06 00:12:27,0.17590000,122.81257,s,l
2026-02-06 00:12:42,0.17600000,124.92435,s,l
2026-02-06 00:12:42,0.17600000,345.93750,s,l
2026-02-06 00:12:42,0.17610000,121.30750,b,l
2026-02-06 00:13:09,0.17500000,114.28572,s,l
2026-02-06 00:13:09,0.17500000,149.99998,s,l
2026-02-06 00:13:10,0.17490000,124.74610,b,l
2026-02-06 00:13:14,0.17460000,120.01460,s,l
2026-02-06 00:13:18,0.17350000,1690.54800,s,l
2026-02-06 00:13:18,0.17350000,2050.00000,s,l
2026-02-06 00:13:18,0.17350000,2022.97190,s,l
2026-02-06 00:13:18,0.17350000,27.02810,s,l
2026-02-06 00:13:18,0.17350000,2050.00000,s,l
2026-02-06 00:13:18,0.17350000,2050.00000,s,l
2026-02-06 00:13:18,0.17350000,1636.66066,s,l
2026-02-06 00:13:18,0.17340000,336.00000,s,l
2026-02-06 00:13:18,0.17340000,220.84160,s,l
2026-02-06 00:13:18,0.17340000,1493.15840,s,l
2026-02-06 00:13:18,0.17340000,902.77910,s,l
2026-02-06 00:13:18,0.17340000,1560.56030,s,l
2026-02-06 00:13:18,0.17340000,155.00000,s,l
2026-02-06 00:13:18,0.17340000,371.93800,s,l
2026-02-06 00:13:18,0.17340000,343.00000,s,l
2026-02-06 00:13:18,0.17340000,637.21090,s,l
2026-02-06 00:13:19,0.17290000,345.93750,s,l
2026-02-06 00:13:20,0.17290000,990.93888,s,l
2026-02-06 00:13:25,0.17330000,403.61920,b,l
2026-02-06 00:13:25,0.17280000,345.93750,s,l
2026-02-06 00:13:25,0.17280000,3178.01011,s,l
2026-02-06 00:13:25,0.17270000,192.91737,s,l
2026-02-06 00:13:25,0.17280000,4016.95170,b,l
2026-02-06 00:13:28,0.17270000,122.35490,s,l
2026-02-06 00:13:30,0.17220000,203.09870,s,l
2026-02-06 00:13:30,0.17220000,203.09870,s,l
2026-02-06 00:13:31,0.17210000,121.74730,s,l
2026-02-06 00:13:31,0.17190000,123.44410,s,l
2026-02-06 00:13:31,0.17180000,238.10000,s,l
2026-02-06 00:13:31,0.17170000,371.93800,s,l
2026-02-06 00:13:31,0.17170000,177.31070,s,l
2026-02-06 00:13:31,0.17170000,163.32270,s,l
2026-02-06 00:13:32,0.17170000,2884.87672,s,l
2026-02-06 00:13:36,0.17220000,406.19740,b,l
2026-02-06 00:13:43,0.17240000,5753.52280,b,l
2026-02-06 00:13:43,0.17240000,2050.00000,b,l
2026-02-06 00:13:43,0.17240000,5753.52280,b,l
2026-02-06 00:13:43,0.17240000,14889.21580,b,l
2026-02-06 00:13:45,0.17180000,345.93750,s,l
2026-02-06 00:13:48,0.17180000,407.14318,s,l
2026-02-06 00:13:48,0.17180000,345.93750,s,l
2026-02-06 00:13:50,0.17130000,345.93750,s,l
2026-02-06 00:13:51,0.17180000,407.14320,b,l
2026-02-06 00:13:51,0.17190000,345.93750,s,l
2026-02-06 00:13:51,0.17180000,345.93750,s,l
2026-02-06 00:13:51,0.17180000,1308.10749,s,l
2026-02-06 00:13:54,0.17140000,408.09330,s,l
2026-02-06 00:13:55,0.17110000,979.74706,s,m
2026-02-06 00:13:57,0.17220000,122.43800,b,l
2026-02-06 00:13:57,0.17230000,238.10000,b,l
2026-02-06 00:13:57,0.17230000,123.35990,b,l
2026-02-06 00:13:59,0.17190000,345.93750,s,l
2026-02-06 00:14:01,0.17140000,120.44880,s,l
2026-02-06 00:14:02,0.17110000,345.93750,s,l
2026-02-06 00:14:02,0.17110000,2000.00000,s,l
2026-02-06 00:14:02,0.17100000,2000.00000,s,l
2026-02-06 00:14:02,0.17090000,2000.00000,s,l
2026-02-06 00:14:03,0.17080000,2000.00000,s,l
2026-02-06 00:14:03,0.17080000,345.93750,s,l
2026-02-06 00:14:03,0.17050000,171.33970,s,l
2026-02-06 00:14:03,0.17050000,1383.75000,s,l
2026-02-06 00:14:03,0.17050000,444.91030,s,l
2026-02-06 00:14:03,0.17040000,691.87500,s,l
2026-02-06 00:14:03,0.17040000,1383.75000,s,l
2026-02-06 00:14:03,0.17040000,221.33970,s,l
2026-02-06 00:14:03,0.17040000,691.87500,s,l
2026-02-06 00:14:03,0.17040000,2187.67670,s,l
2026-02-06 00:14:03,0.17040000,691.87500,s,l
2026-02-06 00:14:04,0.17010000,557.14530,s,l
2026-02-06 00:14:04,0.17010000,1220.44830,s,l
2026-02-06 00:14:04,0.17010000,2050.00000,s,l
2026-02-06 00:14:04,0.17010000,2050.00000,s,l
2026-02-06 00:14:05,0.16970000,1492.85470,s,l
2026-02-06 00:14:05,0.16960000,48.00000,s,l
2026-02-06 00:14:05,0.16950000,109.00000,s,l
2026-02-06 00:14:05,0.16950000,2050.00000,s,l
2026-02-06 00:14:05,0.16950000,2050.00000,s,l
2026-02-06 00:14:05,0.16950000,1688.66699,s,l
2026-02-06 00:14:05,0.16950000,361.33301,s,l
2026-02-06 00:14:05,0.16950000,1436.93480,s,l
2026-02-06 00:14:06,0.16910000,1275.57750,s,l
2026-02-06 00:14:06,0.16890000,8878.65760,s,l
2026-02-06 00:14:06,0.16880000,613.06520,s,l
2026-02-06 00:14:06,0.16880000,2646.22860,s,l
2026-02-06 00:14:06,0.16880000,613.06520,s,l
2026-02-06 00:14:06,0.16880000,136.00000,s,l
2026-02-06 00:14:06,0.16880000,1914.00009,s,l
2026-02-06 00:14:06,0.16860000,754.59331,s,l
2026-02-06 00:14:06,0.16860000,754.59330,s,l
2026-02-06 00:14:07,0.16890000,5920.66310,s,l
2026-02-06 00:14:07,0.16860000,315.44980,s,l
2026-02-06 00:14:09,0.16850000,155.00000,s,l
2026-02-06 00:14:09,0.16850000,5922.35900,s,l
2026-02-06 00:14:09,0.16850000,2050.00000,s,l
2026-02-06 00:14:09,0.16850000,2050.00000,s,l
2026-02-06 00:14:09,0.16850000,4100.00000,s,l
2026-02-06 00:14:11,0.16970000,408.09330,b,l
2026-02-06 00:14:11,0.16970000,345.93750,s,l
2026-02-06 00:14:11,0.16960000,345.93750,s,l
2026-02-06 00:14:11,0.16960000,2000.00000,s,l
2026-02-06 00:14:12,0.16980000,345.93750,s,l
2026-02-06 00:14:12,0.16980000,238.10000,b,l
2026-02-06 00:14:15,0.16920000,124.54804,s,l
2026-02-06 00:14:16,0.16910000,345.93750,s,l
2026-02-06 00:14:16,0.16920000,127.00000,s,l
2026-02-06 00:14:16,0.16920000,218.93750,s,l
2026-02-06 00:14:16,0.16910000,345.93750,s,l
2026-02-06 00:14:16,0.16910000,2000.00000,s,l
2026-02-06 00:14:16,0.16900000,155.00000,s,l
2026-02-06 00:14:16,0.16900000,518.90620,s,l
2026-02-06 00:14:16,0.16900000,1326.09380,s,l
2026-02-06 00:14:16,0.16860000,108.10550,s,l
2026-02-06 00:14:16,0.16860000,129.72650,s,l
2026-02-06 00:14:16,0.16860000,1370.09950,s,l
2026-02-06 00:14:16,0.16900000,345.93750,b,l
2026-02-06 00:14:16,0.16900000,63.84590,s,l
2026-02-06 00:14:17,0.16850000,345.93750,s,l
2026-02-06 00:14:17,0.16840000,345.93750,s,l
2026-02-06 00:14:17,0.16840000,291.12500,s,l
2026-02-06 00:14:17,0.16850000,345.93750,s,l
2026-02-06 00:14:17,0.16860000,345.93750,s,l
2026-02-06 00:14:17,0.16850000,345.93750,s,l
2026-02-06 00:14:18,0.16850000,329.00000,s,l
2026-02-06 00:14:18,0.16850000,16.93750,s,l
2026-02-06 00:14:18,0.16840000,194.06250,s,l
2026-02-06 00:14:20,0.16880000,345.93750,s,l
2026-02-06 00:14:20,0.16870000,345.93750,s,l
2026-02-06 00:14:20,0.16870000,2000.00000,s,l
2026-02-06 00:14:20,0.16860000,345.93750,s,l
2026-02-06 00:14:20,0.16860000,1151.52235,s,l
2026-02-06 00:14:20,0.16880000,345.93750,s,l
2026-02-06 00:14:20,0.16880000,2000.00000,s,l
2026-02-06 00:14:20,0.16880000,39.51999,s,l
2026-02-06 00:14:20,0.16880000,306.41751,s,l
2026-02-06 00:14:20,0.16860000,848.47765,s,l
2026-02-06 00:14:20,0.16850000,155.00000,s,l
2026-02-06 00:14:20,0.16850000,142.00000,s,l
2026-02-06 00:14:20,0.16890000,238.10000,b,l
2026-02-06 00:14:22,0.17100000,345.93750,b,m
2026-02-06 00:14:22,0.17110000,345.93750,b,m
2026-02-06 00:14:22,0.17110000,4103.91606,b,m
2026-02-06 00:14:22,0.17120000,345.93750,b,m
2026-02-06 00:14:22,0.17120000,696.10927,b,m
2026-02-06 00:14:24,0.17010000,238.10000,b,l
2026-02-06 00:14:24,0.17010000,345.93750,s,l
2026-02-06 00:14:24,0.17000000,2000.00000,s,l
2026-02-06 00:14:24,0.17000000,122.25400,b,l
2026-02-06 00:14:24,0.17010000,238.10000,b,l
2026-02-06 00:14:24,0.17020000,345.93750,s,l
2026-02-06 00:14:24,0.17020000,345.93750,s,l
2026-02-06 00:14:24,0.17010000,345.93750,s,l
2026-02-06 00:14:24,0.17010000,2000.00000,s,l
2026-02-06 00:14:24,0.17030000,238.10000,b,l
2026-02-06 00:14:25,0.17010000,119.86280,b,l
2026-02-06 00:14:25,0.17020000,238.10000,b,l
2026-02-06 00:14:25,0.17010000,238.10000,b,l
2026-02-06 00:14:25,0.16980000,326.21723,s,l
2026-02-06 00:14:27,0.17000000,302.38422,s,l
2026-02-06 00:14:27,0.17000000,43.55328,s,l
2026-02-06 00:14:27,0.16980000,19.72027,s,l
2026-02-06 00:14:27,0.16960000,345.93750,s,l
2026-02-06 00:14:27,0.16950000,345.93750,s,l
2026-02-06 00:14:27,0.16940000,345.93750,s,l
2026-02-06 00:14:28,0.16930000,345.93750,s,l
2026-02-06 00:14:28,0.16930000,2000.00000,s,l
2026-02-06 00:14:29,0.16880000,238.10000,b,l
2026-02-06 00:14:30,0.16870000,119.16990,b,l
2026-02-06 00:14:30,0.16900000,238.10000,b,l
2026-02-06 00:14:30,0.16880000,118.94760,b,l
2026-02-06 00:14:30,0.16880000,238.10000,b,l
2026-02-06 00:14:30,0.16870000,2000.00000,s,l
2026-02-06 00:14:30,0.16870000,345.93750,s,l
2026-02-06 00:14:30,0.16880000,238.10000,b,l
2026-02-06 00:14:30,0.16880000,121.78950,b,l
2026-02-06 00:14:31,0.16900000,238.10000,b,l
2026-02-06 00:14:31,0.16890000,120.80440,b,l
2026-02-06 00:14:31,0.16920000,238.10000,b,l
2026-02-06 00:14:31,0.16910000,238.10000,b,l
2026-02-06 00:14:31,0.16900000,345.93750,s,l
2026-02-06 00:14:32,0.16900000,345.93750,s,l
2026-02-06 00:14:35,0.16850000,121.74704,s,l
2026-02-06 00:14:36,0.16790000,123.96198,s,l
2026-02-06 00:14:38,0.16760000,128.91688,s,l
2026-02-06 00:14:38,0.16760000,128.91688,s,l
2026-02-06 00:14:40,0.16660000,345.93750,s,l
2026-02-06 00:14:40,0.16660000,107.53722,s,l
2026-02-06 00:14:40,0.16660000,453.47472,s,l
2026-02-06 00:14:40,0.16610000,124.91920,b,l
2026-02-06 00:14:41,0.16590000,124.37280,s,l
2026-02-06 00:14:44,0.16560000,116.28962,s,l
2026-02-06 00:14:44,0.16560000,737.46057,s,l
2026-02-06 00:14:44,0.16560000,2150.54110,s,l
2026-02-06 00:14:44,0.16560000,3150.64567,s,l
2026-02-06 00:14:44,0.16550000,96.25250,s,l
2026-02-06 00:14:44,0.16550000,154.09070,s,l
2026-02-06 00:14:44,0.16550000,345.93750,s,l
2026-02-06 00:14:45,0.16590000,345.93750,s,l
2026-02-06 00:14:45,0.16600000,121.84340,b,l
2026-02-06 00:14:45,0.16610000,238.10000,b,l
2026-02-06 00:14:45,0.16650000,2000.00000,b,l
2026-02-06 00:14:45,0.16650000,409.43740,b,l
2026-02-06 00:14:45,0.16660000,2000.00000,b,l
2026-02-06 00:14:45,0.16640000,123.37955,s,l
2026-02-06 00:14:45,0.16650000,120.25870,b,l
2026-02-06 00:14:45,0.16660000,345.93750,b,l
2026-02-06 00:14:45,0.16660000,2000.00000,b,l
2026-02-06 00:14:45,0.16650000,236.10830,b,l
2026-02-06 00:14:45,0.16650000,1.99170,b,l
2026-02-06 00:14:45,0.16650000,2000.00000,b,l
2026-02-06 00:14:45,0.16650000,345.93750,b,l
2026-02-06 00:14:45,0.16660000,345.93750,b,l
2026-02-06 00:14:45,0.16660000,1159.43510,s,l
2026-02-06 00:14:46,0.16670000,2000.00000,b,l
2026-02-06 00:14:46,0.16670000,345.93750,b,l
2026-02-06 00:14:46,0.16670000,238.10000,b,l
2026-02-06 00:14:46,0.16680000,120.55410,b,l
2026-02-06 00:14:46,0.16680000,2000.00000,b,l
2026-02-06 00:14:46,0.16700000,345.93750,s,l
2026-02-06 00:14:46,0.16690000,345.93750,s,l
2026-02-06 00:14:46,0.16720000,345.93750,b,l
2026-02-06 00:14:46,0.16730000,2000.00000,b,l
2026-02-06 00:14:46,0.16730000,345.93750,b,l
2026-02-06 00:14:46,0.16750000,238.10000,b,l
2026-02-06 00:14:46,0.16750000,345.93750,b,l
2026-02-06 00:14:46,0.16760000,120.50370,s,l
2026-02-06 00:14:47,0.16750000,249.24150,b,l
2026-02-06 00:14:47,0.16750000,1750.75850,b,l
2026-02-06 00:14:47,0.16760000,2000.00000,b,l
2026-02-06 00:14:47,0.16750000,2000.00000,b,l
2026-02-06 00:14:47,0.16760000,2000.00000,b,l
2026-02-06 00:14:47,0.16820000,345.93750,b,l
2026-02-06 00:14:47,0.16830000,345.93750,b,l
2026-02-06 00:14:47,0.16830000,1831.80496,b,l
2026-02-06 00:14:47,0.16740000,345.93750,s,l
2026-02-06 00:14:47,0.16740000,2000.00000,s,l
2026-02-06 00:14:47,0.16740000,345.93750,s,l
2026-02-06 00:14:47,0.16730000,1654.06249,s,l
2026-02-06 00:14:48,0.16720000,345.93750,s,l
2026-02-06 00:14:48,0.16720000,1999.99999,s,l
2026-02-06 00:14:49,0.16830000,2000.00000,b,l
2026-02-06 00:14:49,0.16840000,1500.75850,b,l
2026-02-06 00:14:49,0.16840000,499.24150,b,l
2026-02-06 00:14:49,0.16860000,951.51700,b,l
2026-02-06 00:14:49,0.16860000,1048.48300,b,l
2026-02-06 00:14:49,0.16870000,96.96600,b,l
2026-02-06 00:14:49,0.16870000,1903.03400,b,l
2026-02-06 00:14:49,0.16870000,2000.00000,b,l
2026-02-06 00:14:49,0.16870000,2000.00000,b,l
2026-02-06 00:14:49,0.16870000,2000.00000,b,l
2026-02-06 00:14:50,0.16910000,2000.00000,b,l
2026-02-06 00:14:50,0.16910000,17202.81700,b,l
2026-02-06 00:14:50,0.16920000,1801.08852,b,l
2026-02-06 00:14:50,0.16880000,238.10000,b,l
2026-02-06 00:14:51,0.16900000,238.10000,b,l
2026-02-06 00:14:51,0.16890000,122.79100,b,l
2026-02-06 00:14:51,0.16900000,238.10000,b,l
2026-02-06 00:14:51,0.16880000,120.61327,s,l
2026-02-06 00:14:51,0.16880000,345.93750,s,l
2026-02-06 00:14:51,0.16890000,238.10000,b,l
2026-02-06 00:14:51,0.16890000,123.66270,b,l
2026-02-06 00:14:51,0.16860000,238.10000,b,l
2026-02-06 00:14:51,0.16880000,238.10000,b,l
2026-02-06 00:14:51,0.16870000,120.97150,b,l
2026-02-06 00:14:52,0.16790000,345.93750,s,l
2026-02-06 00:14:52,0.16800000,238.10000,b,l
2026-02-06 00:14:56,0.16810000,124.86720,b,l
2026-02-06 00:14:56,0.16820000,238.10000,b,l
2026-02-06 00:14:56,0.16850000,238.10000,b,l
2026-02-06 00:14:57,0.16860000,238.10000,b,l
2026-02-06 00:14:57,0.16850000,123.57330,b,l
2026-02-06 00:14:57,0.16850000,238.10000,b,l
2026-02-06 00:14:57,0.16870000,238.10000,b,l
2026-02-06 00:14:57,0.16850000,120.57090,b,l
2026-02-06 00:14:57,0.16860000,238.10000,b,l
2026-02-06 00:14:58,0.16850000,238.10000,b,l
2026-02-06 00:14:58,0.16860000,121.69100,b,l
2026-02-06 00:14:58,0.16880000,238.10000,b,l
2026-02-06 00:14:58,0.16850000,238.10000,b,l
2026-02-06 00:14:58,0.16840000,124.20130,b,l
2026-02-06 00:14:58,0.16850000,238.10000,b,l
2026-02-06 00:14:58,0.16850000,238.10000,b,l
2026-02-06 00:14:59,0.16850000,119.19970,b,l
2026-02-06 00:14:59,0.16860000,238.10000,b,l
2026-02-06 00:14:59,0.16860000,238.10000,b,l
2026-02-06 00:14:59,0.16820000,345.93750,s,l
2026-02-06 00:14:59,0.16810000,345.93750,s,l
2026-02-06 00:14:59,0.16810000,405.54014,s,l
2026-02-06 00:15:03,0.16810000,121.23440,b,l
2026-02-06 00:15:03,0.16830000,238.10000,b,l
2026-02-06 00:15:03,0.16850000,238.10000,b,l
2026-02-06 00:15:03,0.16830000,123.92380,b,l
2026-02-06 00:15:03,0.16840000,238.10000,b,l
2026-02-06 00:15:03,0.16860000,238.10000,b,l
2026-02-06 00:15:04,0.16890000,238.10000,b,l
2026-02-06 00:15:04,0.16900000,118.80260,b,l
2026-02-06 00:15:04,0.16910000,238.10000,b,l
2026-02-06 00:15:04,0.16910000,238.10000,b,l
2026-02-06 00:15:04,0.16940000,405.54020,b,l
2026-02-06 00:15:04,0.16940000,3468.66770,b,l
2026-02-06 00:15:04,0.16950000,4103.91600,b,l
2026-02-06 00:15:04,0.16910000,124.29590,b,l
2026-02-06 00:15:04,0.16930000,238.10000,b,l
2026-02-06 00:15:04,0.16960000,5383.42980,b,l
2026-02-06 00:15:04,0.16960000,238.10000,b,l
2026-02-06 00:15:05,0.16960000,122.85230,b,l
2026-02-06 00:15:05,0.16990000,238.10000,b,l
2026-02-06 00:15:05,0.16990000,238.10000,b,l
2026-02-06 00:15:09,0.17000000,122.39100,b,l
2026-02-06 00:15:09,0.16980000,123.01808,s,l
2026-02-06 00:15:09,0.16980000,345.93750,s,l
2026-02-06 00:15:09,0.16970000,345.93750,s,l
2026-02-06 00:15:09,0.16970000,1654.06249,s,l
2026-02-06 00:15:09,0.16990000,238.10000,b,l
2026-02-06 00:15:09,0.16990000,119.69490,b,l
2026-02-06 00:15:10,0.16980000,124.51370,b,l
2026-02-06 00:15:10,0.16960000,345.93750,s,l
2026-02-06 00:15:10,0.16960000,405.06191,s,l
2026-02-06 00:15:10,0.16970000,118.94200,b,l
2026-02-06 00:15:10,0.16990000,238.10000,b,l
2026-02-06 00:15:11,0.17020000,238.10000,b,l
2026-02-06 00:15:11,0.17040000,5564.82170,b,l
2026-02-06 00:15:11,0.17040000,18104.06060,b,l
2026-02-06 00:15:13,0.16970000,2000.00000,s,l
2026-02-06 00:15:13,0.16960000,779.42046,s,l
2026-02-06 00:15:14,0.16940000,1777.49700,s,l
2026-02-06 00:15:15,0.16910000,124.24700,s,l
2026-02-06 00:15:15,0.16900000,1958.45697,s,l
2026-02-06 00:15:15,0.16890000,345.93750,b,l
2026-02-06 00:15:15,0.16890000,1051.80350,b,l
2026-02-06 00:15:15,0.16880000,238.10000,s,l
2026-02-06 00:15:15,0.16890000,90.36780,b,l
2026-02-06 00:15:15,0.16890000,857.82870,b,l
2026-02-06 00:15:16,0.16930000,767.46090,b,l
2026-02-06 00:15:16,0.16930000,1232.53910,b,l
2026-02-06 00:15:17,0.16930000,345.93750,s,l
2026-02-06 00:15:17,0.16920000,345.93750,s,l
2026-02-06 00:15:17,0.16920000,2000.00000,s,l
2026-02-06 00:15:18,0.16820000,345.93750,s,l
2026-02-06 00:15:19,0.16770000,5115.99999,s,l
2026-02-06 00:15:20,0.16790000,238.10000,b,l
2026-02-06 00:15:20,0.16790000,118.89400,s,l
2026-02-06 00:15:20,0.16800000,122.09020,b,l
2026-02-06 00:15:20,0.16820000,238.10000,b,l
2026-02-06 00:15:21,0.16820000,124.90790,b,l
2026-02-06 00:15:22,0.16810000,2000.00000,s,l
2026-02-06 00:15:22,0.16800000,2000.00000,s,l
2026-02-06 00:15:22,0.16790000,1793.18589,s,l
2026-02-06 00:15:22,0.16790000,206.81411,s,l
2026-02-06 00:15:25,0.16850000,123.64270,b,l
2026-02-06 00:15:25,0.16880000,238.10000,b,l
2026-02-06 00:15:25,0.16890000,238.10000,b,l
2026-02-06 00:15:25,0.16890000,120.07330,b,l
2026-02-06 00:15:25,0.16880000,345.93750,s,l
2026-02-06 00:15:25,0.16910000,118.89400,b,l
2026-02-06 00:15:25,0.16910000,119.20600,b,l
2026-02-06 00:15:26,0.16910000,124.53120,b,l
2026-02-06 00:15:26,0.16930000,238.10000,b,l
2026-02-06 00:15:26,0.16900000,345.93750,s,l
2026-02-06 00:15:26,0.16920000,238.10000,b,l
2026-02-06 00:15:26,0.16910000,121.64760,b,l
2026-02-06 00:15:26,0.16890000,119.39284,s,l
2026-02-06 00:15:30,0.16770000,118.81594,s,l
2026-02-06 00:15:30,0.16770000,2000.00000,s,l
2026-02-06 00:15:30,0.16780000,124.67250,b,l
2026-02-06 00:15:30,0.16790000,238.10000,b,l
2026-02-06 00:15:31,0.16820000,238.10000,b,l
2026-02-06 00:15:31,0.16810000,119.74840,b,l
2026-02-06 00:15:31,0.16820000,238.10000,b,l
2026-02-06 00:15:31,0.16810000,119.44320,b,l
2026-02-06 00:15:31,0.16820000,238.10000,b,l
2026-02-06 00:15:32,0.16820000,238.10000,b,l
2026-02-06 00:15:32,0.16810000,121.03360,b,l
2026-02-06 00:15:32,0.16800000,238.10000,b,l
2026-02-06 00:15:35,0.16690000,122.83280,b,l
2026-02-06 00:15:35,0.16680000,2000.00000,s,l
2026-02-06 00:15:35,0.16680000,345.93750,s,l
2026-02-06 00:15:36,0.16690000,119.23130,b,l
2026-02-06 00:15:36,0.16730000,238.10000,b,l
2026-02-06 00:15:36,0.16720000,238.10000,b,l
2026-02-06 00:15:36,0.16730000,238.10000,b,l
2026-02-06 00:15:38,0.16720000,345.93750,s,l
2026-02-06 00:15:40,0.16720000,345.93750,s,l
2026-02-06 00:15:40,0.16700000,122.25400,b,l
2026-02-06 00:15:41,0.16720000,238.10000,b,l
2026-02-06 00:15:41,0.16710000,124.13180,b,l
2026-02-06 00:15:41,0.16720000,238.10000,b,l
2026-02-06 00:15:41,0.16710000,238.10000,b,l
2026-02-06 00:15:41,0.16690000,120.09200,b,l
2026-02-06 00:15:41,0.16710000,238.10000,b,l
2026-02-06 00:15:42,0.16690000,2000.00000,s,l
2026-02-06 00:15:42,0.16690000,345.93750,s,l
2026-02-06 00:15:42,0.16700000,124.77772,b,l
2026-02-06 00:15:42,0.16700000,238.09998,b,l
2026-02-06 00:15:42,0.16680000,238.10000,b,l
2026-02-06 00:15:44,0.16630000,345.93750,s,l
2026-02-06 00:15:44,0.16630000,345.93750,s,l
2026-02-06 00:15:44,0.16620000,345.93750,s,l
2026-02-06 00:15:44,0.16620000,2000.00000,s,l
2026-02-06 00:15:45,0.16610000,345.93750,s,l
2026-02-06 00:15:45,0.16610000,2000.00000,s,l
2026-02-06 00:15:46,0.16720000,238.10000,b,l
2026-02-06 00:15:46,0.16720000,238.10000,b,l
2026-02-06 00:15:46,0.16720000,124.56790,b,l
2026-02-06 00:15:46,0.16750000,238.10000,b,l
2026-02-06 00:15:46,0.16750000,238.10000,b,l
2026-02-06 00:15:46,0.16740000,121.80760,b,l
2026-02-06 00:15:47,0.16720000,238.10000,b,l
2026-02-06 00:15:47,0.16720000,238.10000,b,l
2026-02-06 00:15:48,0.16680000,120.67460,b,l
2026-02-06 00:15:48,0.16680000,238.10000,b,l
2026-02-06 00:15:49,0.16650000,123.23969,s,l
2026-02-06 00:15:49,0.16650000,345.93750,s,l
2026-02-06 00:15:51,0.16680000,238.10000,b,l
2026-02-06 00:15:52,0.16690000,122.10870,b,l
2026-02-06 00:15:52,0.16690000,238.10000,b,l
2026-02-06 00:15:52,0.16690000,238.10000,b,l
2026-02-06 00:15:52,0.16680000,119.92740,b,l
2026-02-06 00:15:52,0.16680000,238.10000,b,l
2026-02-06 00:15:52,0.16670000,119.08291,s,l
2026-02-06 00:15:52,0.16670000,345.93750,s,l
2026-02-06 00:15:52,0.16660000,345.93750,s,l
2026-02-06 00:15:52,0.16680000,238.10000,b,l
2026-02-06 00:15:52,0.16670000,123.36090,b,l
2026-02-06 00:15:52,0.16660000,238.10000,b,l
2026-02-06 00:15:53,0.16660000,238.10000,b,l
2026-02-06 00:15:53,0.16660000,120.78880,b,l
2026-02-06 00:15:53,0.16660000,238.10000,b,l
2026-02-06 00:15:53,0.16660000,238.10000,b,l
2026-02-06 00:15:53,0.16620000,124.04990,b,l
2026-02-06 00:15:54,0.16630000,238.10000,b,l
2026-02-06 00:15:54,0.16640000,119.65550,b,l
2026-02-06 00:15:54,0.16660000,238.10000,b,l
2026-02-06 00:15:54,0.16650000,238.10000,b,l
2026-02-06 00:15:54,0.16640000,122.86080,b,l
2026-02-06 00:15:54,0.16650000,238.10000,b,l
2026-02-06 00:15:54,0.16670000,238.10000,b,l
2026-02-06 00:15:55,0.16660000,124.17750,b,l
2026-02-06 00:15:55,0.16670000,238.10000,b,l
2026-02-06 00:15:55,0.16640000,238.10000,b,l
2026-02-06 00:15:55,0.16630000,119.51970,b,l
2026-02-06 00:15:55,0.16670000,238.10000,b,l
2026-02-06 00:15:55,0.16710000,238.10000,b,l
2026-02-06 00:15:57,0.16780000,405.06190,b,l
2026-02-06 00:15:57,0.16800000,1272.09280,b,l
2026-02-06 00:15:59,0.16750000,119.41820,b,l
2026-02-06 00:15:59,0.16750000,345.93750,s,l
2026-02-06 00:15:59,0.16750000,345.93750,s,l
2026-02-06 00:15:59,0.16780000,238.10000,b,l
2026-02-06 00:15:59,0.16820000,238.10000,b,l
2026-02-06 00:15:59,0.16810000,121.28020,b,l
2026-02-06 00:16:00,0.16820000,238.10000,b,l
2026-02-06 00:16:00,0.16860000,188.89640,b,l
2026-02-06 00:16:00,0.16860000,968.88058,b,l
2026-02-06 00:16:00,0.16830000,238.10000,b,l
2026-02-06 00:16:00,0.16830000,121.34240,b,l
2026-02-06 00:16:00,0.16850000,238.10000,b,l
2026-02-06 00:16:00,0.16880000,189.57340,b,l
2026-02-06 00:16:00,0.16870000,238.10000,b,l
2026-02-06 00:16:01,0.16880000,238.10000,b,l
2026-02-06 00:16:01,0.16870000,123.90270,b,l
2026-02-06 00:16:01,0.16890000,238.10000,b,l
2026-02-06 00:16:05,0.16880000,119.10439,s,l
2026-02-06 00:16:05,0.16900000,124.00800,b,l
2026-02-06 00:16:06,0.16910000,124.99075,s,l
2026-02-06 00:16:10,0.16830000,403.85858,s,l
2026-02-06 00:16:13,0.16770000,345.93750,s,l
2026-02-06 00:16:14,0.16780000,124.23590,b,l
2026-02-06 00:16:14,0.16800000,238.10000,b,l
2026-02-06 00:16:15,0.16780000,124.61270,b,l
2026-02-06 00:16:15,0.16770000,121.99540,s,l
2026-02-06 00:16:16,0.16760000,122.58647,s,l
2026-02-06 00:16:20,0.16730000,123.47350,s,l
2026-02-06 00:16:20,0.16710000,1820.39420,s,l
2026-02-06 00:16:20,0.16710000,2050.00000,s,l
2026-02-06 00:16:20,0.16710000,357.83849,s,l
2026-02-06 00:16:21,0.16720000,123.86750,b,l
2026-02-06 00:16:24,0.16730000,119.70287,s,l
2026-02-06 00:16:25,0.16700000,119.68700,s,l
2026-02-06 00:16:26,0.16670000,123.29340,s,l
2026-02-06 00:16:30,0.16620000,238.10000,b,l
2026-02-06 00:16:30,0.16610000,2000.00000,s,l
2026-02-06 00:16:30,0.16610000,345.93750,s,l
2026-02-06 00:16:30,0.16630000,238.10000,b,l
2026-02-06 00:16:31,0.16600000,119.44050,b,l
2026-02-06 00:16:32,0.16510000,48.00000,s,l
2026-02-06 00:16:35,0.16530000,118.86398,s,l
2026-02-06 00:16:36,0.16500000,2121.21213,s,l
2026-02-06 00:16:39,0.16590000,123.98480,b,l
2026-02-06 00:16:43,0.16630000,124.66500,s,l
2026-02-06 00:16:44,0.16690000,1574.15260,b,l
2026-02-06 00:16:44,0.16690000,425.84740,b,l
2026-02-06 00:16:46,0.16680000,345.93750,b,l
2026-02-06 00:16:47,0.16660000,119.63130,s,l
2026-02-06 00:16:47,0.16630000,238.10000,s,l
2026-02-06 00:16:47,0.16620000,1739.41290,s,l
2026-02-06 00:16:51,0.16650000,122.07599,s,l
2026-02-06 00:16:51,0.16660000,238.10000,b,l
2026-02-06 00:16:51,0.16660000,122.34326,b,l
2026-02-06 00:16:51,0.16680000,403.85860,b,l
2026-02-06 00:16:51,0.16710000,2000.00000,b,l
2026-02-06 00:16:58,0.16790000,124.69059,b,l
2026-02-06 00:17:01,0.16900000,120.20717,s,l
2026-02-06 00:17:06,0.16940000,122.12510,s,l
2026-02-06 00:17:06,0.16930000,121.60810,s,l
2026-02-06 00:17:07,0.16940000,119.37899,b,l
2026-02-06 00:17:10,0.17100000,120.63414,s,l
2026-02-06 00:17:11,0.17100000,1000.00000,b,l
2026-02-06 00:17:11,0.17110000,229.91770,b,l
2026-02-06 00:17:13,0.17170000,198.23750,b,l
2026-02-06 00:17:16,0.17140000,393.01980,s,l
2026-02-06 00:17:18,0.17080000,123.76920,s,l
2026-02-06 00:17:23,0.17050000,1000.00000,s,l
2026-02-06 00:17:23,0.17040000,1000.00000,s,l
2026-02-06 00:17:23,0.17030000,1000.00000,s,l
2026-02-06 00:17:23,0.17020000,181.60377,s,l
2026-02-06 00:17:24,0.17020000,1000.00000,s,l
2026-02-06 00:17:26,0.17020000,345.93750,s,l
2026-02-06 00:17:26,0.17020000,1000.00000,s,l
2026-02-06 00:17:26,0.17010000,345.93750,s,l
2026-02-06 00:17:26,0.17010000,1000.00000,s,l
2026-02-06 00:17:27,0.17010000,1000.00000,s,l
2026-02-06 00:17:27,0.17000000,1000.00000,s,l
2026-02-06 00:17:27,0.17000000,345.93750,s,l
2026-02-06 00:17:28,0.17020000,238.10000,b,l
2026-02-06 00:17:28,0.17040000,120.38970,b,l
2026-02-06 00:17:28,0.17050000,117.71030,b,l
2026-02-06 00:17:28,0.17050000,120.38970,b,l
2026-02-06 00:17:29,0.17020000,345.93750,s,l
2026-02-06 00:17:29,0.17010000,345.93750,s,l
2026-02-06 00:17:29,0.17010000,1000.00000,s,l
2026-02-06 00:17:35,0.16980000,124.63650,b,l
2026-02-06 00:17:36,0.16950000,345.93750,s,l
2026-02-06 00:17:36,0.16950000,2080.09800,s,l
2026-02-06 00:17:37,0.16930000,1000.00000,s,l
2026-02-06 00:17:37,0.16910000,345.93750,s,l
2026-02-06 00:17:37,0.16910000,654.06249,s,l
2026-02-06 00:17:38,0.16950000,120.67273,s,l
2026-02-06 00:17:39,0.16950000,122.74240,b,l
2026-02-06 00:17:40,0.16960000,118.97400,b,l
2026-02-06 00:17:47,0.16960000,393.01980,b,l
2026-02-06 00:17:53,0.16950000,393.25191,s,l
2026-02-06 00:18:00,0.16910000,123.13050,b,l
2026-02-06 00:18:10,0.16840000,120.20450,b,l
2026-02-06 00:18:11,0.16840000,123.06030,b,l
2026-02-06 00:18:11,0.16840000,121.25430,b,l
2026-02-06 00:18:16,0.16800000,1000.00000,s,l
2026-02-06 00:18:17,0.16730000,204.37951,s,l
2026-02-06 00:18:17,0.16730000,141.55799,s,l
2026-02-06 00:18:18,0.16730000,119.21940,b,l
2026-02-06 00:18:29,0.16660000,124.43550,b,l
2026-02-06 00:18:40,0.16570000,238.10000,b,l
2026-02-06 00:18:40,0.16590000,122.66190,b,l
2026-02-06 00:18:59,0.16650000,91.33470,b,l
2026-02-06 00:18:59,0.16660000,238.10000,b,l
2026-02-06 00:19:00,0.16710000,393.25190,b,l
2026-02-06 00:19:03,0.16680000,718.38919,s,l
2026-02-06 00:19:07,0.16570000,124.60220,b,l
2026-02-06 00:19:07,0.16560000,123.04419,s,l
2026-02-06 00:19:07,0.16560000,96.51744,s,l
2026-02-06 00:19:07,0.16560000,219.56163,s,l
2026-02-06 00:19:07,0.16560000,80.73490,s,l
2026-02-06 00:19:14,0.16570000,238.10000,b,l
2026-02-06 00:19:17,0.16510000,124.07850,b,l
2026-02-06 00:19:18,0.16520000,238.10000,b,l
2026-02-06 00:19:18,0.16510000,238.10000,b,l
2026-02-06 00:19:18,0.16500000,122.88482,s,l
2026-02-06 00:19:18,0.16510000,238.10000,b,l
2026-02-06 00:19:20,0.16420000,180.74671,s,l
2026-02-06 00:19:20,0.16420000,180.74671,s,l
2026-02-06 00:19:22,0.16420000,119.20980,b,l
2026-02-06 00:19:27,0.16320000,6127.09390,s,l
2026-02-06 00:19:30,0.16260000,61.50060,s,l
2026-02-06 00:19:33,0.16280000,123.86200,s,l
2026-02-06 00:19:33,0.16290000,121.16730,b,l
2026-02-06 00:19:33,0.16270000,124.76990,s,l
2026-02-06 00:19:33,0.16230000,238.10000,s,l
2026-02-06 00:19:33,0.16220000,824.46820,s,l
2026-02-06 00:19:33,0.16220000,5338.51870,s,l
2026-02-06 00:19:33,0.16220000,5338.51870,s,l
2026-02-06 00:19:33,0.16200000,2861.48130,s,l
2026-02-06 00:19:33,0.16200000,4001.04060,s,l
2026-02-06 00:19:33,0.16200000,2396.49607,s,l
2026-02-06 00:19:33,0.16180000,208.00000,s,l
2026-02-06 00:19:34,0.16190000,6174.82340,s,l
2026-02-06 00:19:34,0.16170000,62.75617,s,l
2026-02-06 00:19:34,0.16170000,1987.24383,s,l
2026-02-06 00:19:34,0.16170000,2396.49600,s,l
2026-02-06 00:19:34,0.16170000,1455.64370,s,l
2026-02-06 00:19:34,0.16190000,24.64500,b,l
2026-02-06 00:19:38,0.16250000,120.51100,b,l
2026-02-06 00:19:40,0.16300000,119.77810,b,l
2026-02-06 00:19:40,0.16280000,122.92330,s,l
2026-02-06 00:19:41,0.16200000,345.93750,s,l
2026-02-06 00:19:41,0.16160000,345.93750,s,l
2026-02-06 00:19:41,0.16150000,345.93750,s,l
2026-02-06 00:19:43,0.16110000,6207.32464,s,l
2026-02-06 00:19:43,0.16110000,345.93750,s,l
2026-02-06 00:19:44,0.16140000,238.10000,b,l
2026-02-06 00:19:44,0.16140000,119.15610,b,l
2026-02-06 00:19:44,0.16150000,238.10000,b,l
2026-02-06 00:19:44,0.16130000,121.25760,s,l
2026-02-06 00:19:44,0.16110000,238.10000,s,l
2026-02-06 00:19:45,0.16070000,1000.00000,s,l
2026-02-06 00:19:46,0.16000000,836.21270,s,l
2026-02-06 00:19:46,0.16000000,8008.34439,s,l
2026-02-06 00:19:46,0.16000000,345.93750,s,l
2026-02-06 00:19:46,0.16000000,6101.86720,s,l
2026-02-06 00:19:46,0.16000000,2098.13280,s,l
2026-02-06 00:19:46,0.16000000,3962.25541,s,l
2026-02-06 00:19:48,0.15950000,345.93750,s,l
2026-02-06 00:19:48,0.15940000,345.93750,s,l
2026-02-06 00:19:48,0.15940000,31.28371,s,l
2026-02-06 00:19:48,0.15940000,1037.81250,s,l
2026-02-06 00:19:48,0.15940000,5234.78674,s,l
2026-02-06 00:19:48,0.15920000,4183.64956,s,l
2026-02-06 00:19:48,0.15920000,2050.00000,s,l
2026-02-06 00:19:48,0.15920000,144.33780,s,l
2026-02-06 00:19:48,0.15920000,118.11760,s,l
2026-02-06 00:19:48,0.15920000,271.47120,s,l
2026-02-06 00:19:48,0.15920000,946.96510,s,l
2026-02-06 00:19:48,0.15920000,1703.89508,s,l
2026-02-06 00:19:48,0.15870000,122.98540,s,l
2026-02-06 00:19:49,0.15880000,238.10000,b,l
2026-02-06 00:19:49,0.15850000,120.93820,b,l
2026-02-06 00:19:49,0.15840000,1000.00000,s,l
2026-02-06 00:19:49,0.15840000,123.52760,s,l
2026-02-06 00:19:51,0.15870000,155.00000,b,l
2026-02-06 00:19:51,0.15870000,155.00000,b,l
2026-02-06 00:19:51,0.15870000,86.81100,b,l
2026-02-06 00:19:51,0.15870000,254.18900,b,l
2026-02-06 00:19:51,0.15870000,91.74850,b,l
2026-02-06 00:19:52,0.15940000,123.33040,s,l
2026-02-06 00:19:53,0.15950000,119.86524,b,l
2026-02-06 00:19:53,0.15950000,4.59476,b,l
2026-02-06 00:19:53,0.15950000,69.75000,b,l
2026-02-06 00:19:53,0.15970000,1000.00000,b,l
2026-02-06 00:19:53,0.15970000,626.17400,b,l
2026-02-06 00:19:53,0.15990000,543.04870,b,l
2026-02-06 00:19:53,0.15990000,395.08710,b,l
2026-02-06 00:19:54,0.16010000,155.00000,s,l
2026-02-06 00:19:54,0.16060000,691.02460,b,l
2026-02-06 00:19:54,0.16060000,308.97540,b,l
2026-02-06 00:19:54,0.16070000,1000.00000,b,l
2026-02-06 00:19:54,0.16090000,1000.00000,b,l
2026-02-06 00:19:54,0.16090000,621.51980,b,l
2026-02-06 00:19:54,0.16120000,609.19290,b,l
2026-02-06 00:19:54,0.16100000,932.25130,b,l
2026-02-06 00:19:54,0.16130000,366.88200,b,l
2026-02-06 00:19:56,0.15960000,120.79786,s,m
2026-02-06 00:19:56,0.15950000,345.93750,s,m
2026-02-06 00:19:56,0.15950000,238.10000,s,m
2026-02-06 00:19:56,0.15940000,568.88960,s,l
2026-02-06 00:19:56,0.15970000,120.55280,b,l
2026-02-06 00:19:56,0.15980000,238.10000,b,l
2026-02-06 00:19:57,0.15960000,568.54460,s,l
2026-02-06 00:19:57,0.15950000,155.00000,s,l
2026-02-06 00:19:57,0.15950000,239.82068,s,l
2026-02-06 00:19:57,0.15950000,1810.17932,s,l
2026-02-06 00:19:57,0.15950000,1257.63890,s,l
2026-02-06 00:19:57,0.15950000,2842.36110,s,l
2026-02-06 00:19:57,0.15950000,356.71466,s,l
2026-02-06 00:19:57,0.15940000,1693.28534,s,l
2026-02-06 00:19:57,0.15940000,1377.80000,s,l
2026-02-06 00:20:00,0.15990000,228.72430,b,l
2026-02-06 00:20:00,0.15990000,396.66656,b,l
2026-02-06 00:20:00,0.15990000,625.39084,b,l
2026-02-06 00:20:00,0.16020000,624.48720,b,l
2026-02-06 00:20:00,0.16030000,936.29140,b,l
2026-02-06 00:20:01,0.16080000,621.89054,b,l
2026-02-06 00:20:01,0.16080000,1000.00000,b,l
2026-02-06 00:20:01,0.16080000,621.89046,b,l
2026-02-06 00:20:01,0.16090000,621.50403,b,l
2026-02-06 00:20:01,0.16090000,999.99997,b,l
2026-02-06 00:20:01,0.16100000,1000.00000,b,l
2026-02-06 00:20:01,0.16120000,620.34739,b,l
2026-02-06 00:20:01,0.16120000,620.34731,b,l
2026-02-06 00:20:01,0.16130000,1000.00000,b,l
2026-02-06 00:20:01,0.16190000,926.49783,b,l
2026-02-06 00:20:01,0.16190000,926.49783,b,l
2026-02-06 00:20:01,0.16190000,1544.16304,b,l
2026-02-06 00:20:02,0.16210000,616.90314,b,l
2026-02-06 00:20:02,0.16210000,616.90314,b,l
2026-02-06 00:20:02,0.16210000,30.21932,b,l
2026-02-06 00:20:02,0.16210000,895.13530,b,l
2026-02-06 00:20:02,0.16230000,233.33790,b,l
2026-02-06 00:20:03,0.16220000,120.80480,s,l
2026-02-06 00:20:03,0.16220000,345.93750,s,l
2026-02-06 00:20:03,0.16220000,150.06580,b,l
2026-02-06 00:20:03,0.16220000,1000.00000,b,l
2026-02-06 00:20:03,0.16240000,1000.00000,b,l
2026-02-06 00:20:03,0.16250000,1538.88820,b,l
2026-02-06 00:20:06,0.16100000,345.93750,s,l
2026-02-06 00:20:06,0.16100000,4100.00000,s,l
2026-02-06 00:20:06,0.16100000,361.94120,s,l
2026-02-06 00:20:06,0.16100000,717.42720,s,l
2026-02-06 00:20:06,0.16100000,683.93912,s,l
2026-02-06 00:20:06,0.16080000,16.02514,s,l
2026-02-06 00:20:06,0.16080000,206.97486,s,l
2026-02-06 00:20:06,0.16080000,238.10000,s,l
2026-02-06 00:20:06,0.16050000,238.10000,s,l
2026-02-06 00:20:06,0.16050000,119.10040,s,l
2026-02-06 00:20:06,0.16030000,4508.81930,s,l
2026-02-06 00:20:06,0.16030000,1729.48388,s,l
2026-02-06 00:20:06,0.16030000,320.51612,s,l
2026-02-06 00:20:06,0.16030000,2050.00000,s,l
2026-02-06 00:20:06,0.16030000,2050.00000,s,l
2026-02-06 00:20:06,0.16030000,836.93860,s,l
2026-02-06 00:20:06,0.16030000,4100.00000,s,l
2026-02-06 00:20:06,0.16030000,6238.30310,s,l
2026-02-06 00:20:07,0.16020000,121.04780,s,l
2026-02-06 00:20:11,0.16120000,620.34739,b,l
2026-02-06 00:20:11,0.16120000,620.59175,b,l
2026-02-06 00:20:11,0.16120000,930.52109,b,l
2026-02-06 00:20:11,0.16120000,930.52107,b,l
2026-02-06 00:20:11,0.16130000,1000.00000,b,l
2026-02-06 00:20:13,0.16030000,345.93750,s,l
2026-02-06 00:20:13,0.16020000,345.93750,s,l
2026-02-06 00:20:13,0.16020000,269.56815,s,l
2026-02-06 00:20:13,0.16020000,135.58958,s,l
2026-02-06 00:20:17,0.15900000,123.28920,b,l
2026-02-06 00:20:17,0.15880000,345.93750,s,l
2026-02-06 00:20:17,0.15880000,345.93750,s,l
2026-02-06 00:20:17,0.15880000,7040.97458,s,l
2026-02-06 00:20:17,0.15880000,118.93683,s,l
2026-02-06 00:20:18,0.15890000,238.10000,b,l
2026-02-06 00:20:18,0.15930000,120.54970,b,l
2026-02-06 00:20:18,0.15970000,249.00000,b,l
2026-02-06 00:20:21,0.15970000,238.10000,b,l
2026-02-06 00:20:22,0.16020000,624.42300,b,l
2026-02-06 00:20:23,0.16020000,249.00000,b,l
2026-02-06 00:20:23,0.16020000,375.21972,b,l
2026-02-06 00:20:23,0.16030000,1000.00000,b,l
2026-02-06 00:20:23,0.16030000,623.91708,b,l
2026-02-06 00:20:23,0.16050000,1000.00000,b,l
2026-02-06 00:20:23,0.16080000,1000.00000,b,l
2026-02-06 00:20:24,0.16050000,127.70954,b,l
2026-02-06 00:20:26,0.15950000,119.12860,b,l
2026-02-06 00:20:29,0.15910000,1000.00000,s,l
2026-02-06 00:20:29,0.15900000,1000.00000,s,l
2026-02-06 00:20:30,0.15860000,1000.00000,s,l
2026-02-06 00:20:30,0.15850000,1000.00000,s,l
2026-02-06 00:20:31,0.16020000,624.21972,b,l
2026-02-06 00:20:31,0.16020000,624.21972,b,l
2026-02-06 00:20:31,0.16020000,936.32956,b,l
2026-02-06 00:20:31,0.16030000,859.75230,b,l
2026-02-06 00:20:31,0.16030000,700.60186,b,l
2026-02-06 00:20:31,0.16020000,127.70950,b,l
2026-02-06 00:20:31,0.16020000,808.62008,b,l
2026-02-06 00:20:31,0.16040000,537.31742,b,l
2026-02-06 00:20:31,0.16040000,462.68258,b,l
2026-02-06 00:20:31,0.16020000,462.68250,b,l
2026-02-06 00:20:31,0.16020000,1000.00000,b,l
2026-02-06 00:20:31,0.16050000,258.13980,b,l
2026-02-06 00:20:31,0.16050000,483.72040,b,l
2026-02-06 00:20:31,0.16050000,258.13980,b,l
2026-02-06 00:20:31,0.16050000,623.05295,b,l
2026-02-06 00:20:31,0.16050000,685.08685,b,l
2026-02-06 00:20:31,0.16050000,314.91310,b,l
2026-02-06 00:20:31,0.16060000,1000.00000,b,l
2026-02-06 00:20:31,0.16070000,735.08690,b,l
2026-02-06 00:20:31,0.16070000,264.91310,b,l
2026-02-06 00:20:32,0.16070000,622.27750,b,l
2026-02-06 00:20:32,0.16070000,933.41630,b,l
2026-02-06 00:20:32,0.16070000,1000.00000,b,l
2026-02-06 00:20:32,0.16070000,1000.00000,b,l
2026-02-06 00:20:32,0.16080000,279.39310,b,l
2026-02-06 00:20:32,0.16080000,720.60690,b,l
2026-02-06 00:20:32,0.16070000,1000.00000,b,l
2026-02-06 00:20:32,0.16080000,1555.13100,b,l
2026-02-06 00:20:32,0.16070000,1000.00000,b,l
2026-02-06 00:20:32,0.16080000,1000.00000,b,l
2026-02-06 00:20:32,0.16070000,1000.00000,b,l
2026-02-06 00:20:32,0.16080000,621.89050,b,l
2026-02-06 00:20:32,0.16070000,1000.00000,b,l
2026-02-06 00:20:32,0.16070000,1000.00000,b,l
2026-02-06 00:20:32,0.16070000,1000.00000,b,l
2026-02-06 00:20:32,0.16070000,1000.00000,b,l
2026-02-06 00:20:32,0.16070000,1000.00000,b,l
2026-02-06 00:20:32,0.16070000,1000.00000,b,l
2026-02-06 00:20:32,0.16090000,1000.00000,b,l
2026-02-06 00:20:32,0.16110000,620.73246,b,l
2026-02-06 00:20:32,0.16110000,478.72704,b,l
2026-02-06 00:20:32,0.16110000,452.37160,b,l
2026-02-06 00:20:32,0.16110000,620.73246,b,l
2026-02-06 00:20:32,0.16110000,329.80804,b,l
2026-02-06 00:20:32,0.16110000,601.29060,b,l
2026-02-06 00:20:32,0.16110000,931.09860,b,l
2026-02-06 00:20:32,0.16120000,394.82360,b,l
2026-02-06 00:20:32,0.16120000,620.34730,b,l
2026-02-06 00:20:32,0.16130000,1552.43990,b,l
2026-02-06 00:20:32,0.16130000,1155.24380,b,l
2026-02-06 00:20:32,0.16130000,1552.43990,b,l
2026-02-06 00:20:32,0.16140000,619.57860,b,l
2026-02-06 00:20:32,0.16150000,772.73770,b,l
2026-02-06 00:20:32,0.16150000,775.60220,b,l
2026-02-06 00:20:34,0.16060000,345.93750,s,l
2026-02-06 00:20:34,0.16050000,277.20313,s,l
2026-02-06 00:20:34,0.16050000,1000.00000,s,l
2026-02-06 00:20:34,0.16020000,151.00000,s,l
2026-02-06 00:20:36,0.16040000,238.10000,b,l
2026-02-06 00:20:36,0.16110000,238.10000,b,l
2026-02-06 00:20:37,0.16090000,119.94420,s,l
2026-02-06 00:20:43,0.16150000,619.19500,b,l
2026-02-06 00:20:44,0.16170000,618.49630,b,l
2026-02-06 00:20:44,0.16180000,927.19180,b,l
2026-02-06 00:20:45,0.16100000,621.13530,s,l
2026-02-06 00:20:45,0.16100000,378.86470,s,l
2026-02-06 00:20:47,0.16040000,124.68244,s,l
2026-02-06 00:20:47,0.16040000,176.39840,b,l
2026-02-06 00:20:47,0.15990000,166.00000,s,l
2026-02-06 00:20:47,0.15980000,398.28280,s,l
2026-02-06 00:20:47,0.15980000,626.05124,s,l
2026-02-06 00:20:47,0.15980000,373.94876,s,l
2026-02-06 00:20:50,0.15980000,1000.00000,s,l
2026-02-06 00:20:50,0.15980000,345.93750,s,l
2026-02-06 00:20:52,0.16090000,932.25605,b,l
2026-02-06 00:20:52,0.16090000,143.83845,b,l
2026-02-06 00:20:52,0.16090000,477.66558,b,l
2026-02-06 00:20:52,0.16090000,932.25602,b,l
2026-02-06 00:20:52,0.16090000,932.25605,b,l
2026-02-06 00:20:52,0.16110000,67.74395,b,l
2026-02-06 00:20:52,0.16110000,932.25600,b,l
2026-02-06 00:20:53,0.16120000,620.45740,b,l
2026-02-06 00:20:53,0.16130000,137.36500,b,l
2026-02-06 00:20:53,0.16130000,260.91780,b,l
2026-02-06 00:20:57,0.16040000,624.23445,s,l
2026-02-06 00:20:58,0.16010000,118.98450,b,l
2026-02-06 00:20:58,0.16030000,121.93600,b,l
2026-02-06 00:21:00,0.16120000,1000.00000,b,l
2026-02-06 00:21:00,0.16130000,548.16170,b,l
2026-02-06 00:21:00,0.16140000,619.79480,b,l
2026-02-06 00:21:06,0.16180000,124.11330,b,l
2026-02-06 00:21:06,0.16210000,617.06680,b,l
2026-02-06 00:21:08,0.16190000,618.03980,b,l
2026-02-06 00:21:08,0.16200000,70.98530,b,l
2026-02-06 00:21:08,0.16200000,546.36137,b,l
2026-02-06 00:21:08,0.16200000,617.56463,b,l
2026-02-06 00:21:09,0.16220000,616.77683,b,l
2026-02-06 00:21:09,0.16240000,346.46630,b,l
2026-02-06 00:21:09,0.16240000,269.29720,b,l
2026-02-06 00:21:09,0.16250000,615.44740,b,l
2026-02-06 00:21:11,0.16330000,103.95466,b,l
2026-02-06 00:21:11,0.16350000,523.53440,b,l
2026-02-06 00:21:11,0.16350000,88.08639,b,l
2026-02-06 00:21:24,0.16580000,119.53716,b,l
2026-02-06 00:21:24,0.16580000,345.93750,b,l
2026-02-06 00:21:26,0.16620000,124.70611,s,l
2026-02-06 00:21:27,0.16590000,1000.00000,s,l
2026-02-06 00:21:27,0.16580000,551.17170,s,l
2026-02-06 00:21:27,0.16580000,448.82830,s,l
2026-02-06 00:21:27,0.16590000,124.37270,s,l
2026-02-06 00:21:28,0.16620000,121.98010,b,l
2026-02-06 00:21:29,0.16610000,90.78860,s,l
2026-02-06 00:21:32,0.16540000,90.81450,s,l
2026-02-06 00:21:34,0.16520000,90.83200,s,l
2026-02-06 00:21:34,0.16510000,122.39090,b,l
2026-02-06 00:21:38,0.16600000,119.75230,b,l
2026-02-06 00:21:43,0.16540000,90.84941,s,l
2026-02-06 00:21:43,0.16540000,4009.15059,s,l
2026-02-06 00:21:43,0.16540000,1914.97210,s,l
2026-02-06 00:21:43,0.16540000,121.50530,s,l
2026-02-06 00:21:43,0.16530000,6028.49470,s,l
2026-02-06 00:21:43,0.16530000,19.45253,s,l
2026-02-06 00:21:44,0.16500000,1958.59210,s,l
2026-02-06 00:21:44,0.16500000,2050.00000,s,l
2026-02-06 00:21:44,0.16500000,326.48490,s,l
2026-02-06 00:21:44,0.16490000,54.25430,s,l
2026-02-06 00:21:44,0.16490000,91.40790,s,l
2026-02-06 00:21:44,0.16490000,2050.00000,s,l
2026-02-06 00:21:44,0.16490000,2050.00000,s,l
2026-02-06 00:21:44,0.16490000,2050.00000,s,l
2026-02-06 00:21:44,0.16490000,2050.00000,s,l
2026-02-06 00:21:51,0.16560000,779.38780,s,l
2026-02-06 00:21:55,0.16540000,1270.61220,s,l
2026-02-06 00:21:55,0.16540000,992.89162,s,l
2026-02-06 00:21:55,0.16540000,383.30930,s,l
2026-02-06 00:21:56,0.16500000,601.52922,s,m
2026-02-06 00:21:56,0.16500000,41.88154,s,m
2026-02-06 00:21:56,0.16500000,53.00000,s,m
2026-02-06 00:21:56,0.16500000,186.83570,s,m
2026-02-06 00:21:56,0.16500000,567.37171,s,m
2026-02-06 00:21:57,0.16480000,119.79490,s,l
2026-02-06 00:22:05,0.16410000,124.44000,s,l
2026-02-06 00:22:07,0.16340000,124.44000,s,l
2026-02-06 00:22:08,0.16350000,123.80800,b,l
2026-02-06 00:22:08,0.16360000,259.50130,b,l
2026-02-06 00:22:08,0.16360000,351.74560,b,l
2026-02-06 00:22:08,0.16380000,66.81870,b,l
2026-02-06 00:22:08,0.16380000,849.40866,b,l
2026-02-06 00:22:08,0.16380000,238.10000,b,l
2026-02-06 00:22:08,0.16380000,610.74574,b,l
2026-02-06 00:22:12,0.16310000,66.81870,s,l
2026-02-06 00:22:18,0.16370000,118.91410,b,l
2026-02-06 00:22:19,0.16420000,238.10000,b,l
2026-02-06 00:22:25,0.16420000,609.01330,b,l
2026-02-06 00:22:25,0.16460000,607.67415,b,l
2026-02-06 00:22:25,0.16460000,120.37405,b,l
2026-02-06 00:22:26,0.16460000,607.67410,b,l
2026-02-06 00:22:26,0.16470000,607.38892,b,l
2026-02-06 00:22:26,0.16470000,910.75148,b,l
2026-02-06 00:22:30,0.16370000,120.24560,s,l
2026-02-06 00:22:30,0.16340000,74.77000,s,l
2026-02-06 00:22:48,0.16450000,124.80050,b,l
2026-02-06 00:22:50,0.16450000,150.00000,b,m
2026-02-06 00:22:55,0.16410000,609.38450,b,l
2026-02-06 00:22:59,0.16430000,238.10000,b,l
2026-02-06 00:22:59,0.16460000,42.10200,b,l
2026-02-06 00:23:01,0.16520000,12.04680,b,l
2026-02-06 00:23:09,0.16560000,121.29490,s,l
2026-02-06 00:23:11,0.16580000,345.93750,s,l
2026-02-06 00:23:11,0.16570000,0.00043,s,l
2026-02-06 00:23:15,0.16610000,300.76330,s,l
2026-02-06 00:23:16,0.16580000,1066.47610,s,l
2026-02-06 00:23:20,0.16460000,120.92030,b,l
2026-02-06 00:23:27,0.16410000,1066.47610,b,l
2026-02-06 00:23:27,0.16410000,124.04420,b,l
2026-02-06 00:23:31,0.16410000,124.66280,b,l
2026-02-06 00:23:32,0.16430000,608.67130,b,l
2026-02-06 00:23:42,0.16410000,120.88790,b,l
2026-02-06 00:23:46,0.16440000,120.09880,s,l
2026-02-06 00:24:01,0.16480000,606.79610,b,l
2026-02-06 00:24:07,0.16560000,123.05390,s,l
2026-02-06 00:24:10,0.16570000,123.29400,s,l
2026-02-06 00:24:18,0.16550000,238.10000,b,l
2026-02-06 00:24:18,0.16570000,238.10000,b,l
2026-02-06 00:24:23,0.16510000,124.58150,b,l
2026-02-06 00:24:29,0.16520000,118.89450,b,l
2026-02-06 00:24:39,0.16460000,380.76290,b,l
2026-02-06 00:24:39,0.16460000,227.02630,b,l
2026-02-06 00:24:50,0.16470000,122.74136,b,l
2026-02-06 00:24:54,0.16500000,121.59810,s,l
2026-02-06 00:25:05,0.16420000,1000.00000,s,l
2026-02-06 00:25:05,0.16410000,1000.00000,s,l
2026-02-06 00:25:05,0.16400000,345.93750,s,l
2026-02-06 00:25:09,0.16430000,608.64270,b,l
2026-02-06 00:25:09,0.16440000,608.40820,b,l
2026-02-06 00:25:09,0.16460000,605.92280,b,l
2026-02-06 00:25:10,0.16460000,119.18405,b,l
2026-02-06 00:25:10,0.16470000,607.44010,b,l
2026-02-06 00:25:31,0.16380000,124.80470,s,l
2026-02-06 00:25:36,0.16390000,124.50620,s,l
2026-02-06 00:25:36,0.16390000,124.14880,b,l
2026-02-06 00:25:40,0.16460000,119.21750,s,l
2026-02-06 00:25:41,0.16430000,120.91290,b,l
2026-02-06 00:25:45,0.16440000,121.55850,s,l
2026-02-06 00:25:48,0.16460000,121.51800,s,l
2026-02-06 00:25:52,0.16420000,120.66270,b,l
2026-02-06 00:25:53,0.16410000,121.62620,s,l
2026-02-06 00:26:01,0.16490000,606.72500,b,l
2026-02-06 00:26:03,0.16540000,7.90150,b,l
2026-02-06 00:26:13,0.16580000,345.93750,b,l
2026-02-06 00:26:16,0.16610000,118.75250,b,l
2026-02-06 00:26:29,0.16530000,121.00510,b,l
2026-02-06 00:26:30,0.16540000,119.07880,b,l
2026-02-06 00:26:35,0.16500000,119.02120,s,l
2026-02-06 00:27:04,0.16400000,837.82890,b,l
2026-02-06 00:27:09,0.16460000,119.43340,b,l
2026-02-06 00:27:12,0.16450000,122.23510,b,l
2026-02-06 00:27:17,0.16400000,1066.47610,b,l
2026-02-06 00:27:46,0.16480000,124.11370,b,l
2026-02-06 00:28:01,0.16510000,118.31720,b,l
2026-02-06 00:28:27,0.16440000,345.93750,s,l
2026-02-06 00:28:31,0.16480000,124.61982,b,l
2026-02-06 00:28:32,0.16490000,5160.94932,s,l
2026-02-06 00:28:32,0.16480000,121.63760,s,l
2026-02-06 00:28:36,0.16450000,75.39054,b,l
2026-02-06 00:28:39,0.16460000,124.22460,b,l
2026-02-06 00:28:47,0.16490000,122.20079,b,l
2026-02-06 00:28:47,0.16490000,492.95391,b,l
2026-02-06 00:28:47,0.16490000,573.52220,b,l
2026-02-06 00:29:01,0.16540000,119.83919,b,l
2026-02-06 00:29:05,0.16630000,123.42300,s,l
2026-02-06 00:29:23,0.16620000,123.10570,b,l
2026-02-06 00:30:02,0.16650000,121.38590,s,l
2026-02-06 00:30:03,0.16650000,124.91610,b,l
2026-02-06 00:30:04,0.16650000,123.89040,s,l
2026-02-06 00:30:05,0.16650000,4457.86064,b,l
2026-02-06 00:30:06,0.16650000,123.00010,s,l
2026-02-06 00:30:07,0.16650000,123.62870,b,l
2026-02-06 00:30:11,0.16680000,121.44660,b,l
2026-02-06 00:30:12,0.16700000,479.84070,b,l
2026-02-06 00:30:14,0.16710000,122.55460,s,l
2026-02-06 00:30:14,0.16680000,122.09640,s,l
2026-02-06 00:30:20,0.16600000,122.13204,b,l
2026-02-06 00:30:37,0.16700000,1028.42980,b,l
2026-02-06 00:30:42,0.16720000,124.78230,b,l
2026-02-06 00:30:45,0.16760000,121.94780,b,l
2026-02-06 00:30:45,0.16760000,122.84110,b,l
2026-02-06 00:31:00,0.16710000,122.40300,b,l
2026-02-06 00:31:01,0.16750000,173.11580,b,l
2026-02-06 00:31:04,0.16740000,124.56620,b,l
2026-02-06 00:31:29,0.16880000,398.83230,b,l
2026-02-06 00:31:33,0.16900000,121.43770,b,l
2026-02-06 00:31:42,0.16920000,123.60220,b,l
2026-02-06 00:31:53,0.16880000,200.00000,b,l
2026-02-06 00:32:13,0.16690000,198.46075,s,l
2026-02-06 00:32:17,0.16740000,119.78090,b,l
2026-02-06 00:32:25,0.16780000,1000.00000,s,l
2026-02-06 00:32:26,0.16770000,345.93750,s,l
2026-02-06 00:32:27,0.16770000,119.73490,b,l
2026-02-06 00:33:01,0.16720000,124.60890,b,l
2026-02-06 00:34:01,0.16990000,119.80360,b,l
2026-02-06 00:34:23,0.17070000,122.70580,b,l
2026-02-06 00:34:24,0.17090000,121.72581,b,l
2026-02-06 00:34:24,0.17100000,40.93399,b,l
2026-02-06 00:34:27,0.17130000,120.15310,b,l
2026-02-06 00:34:49,0.17210000,345.93750,s,l
2026-02-06 00:34:49,0.17210000,695.02210,s,l
2026-02-06 00:34:56,0.17200000,119.13567,b,l
2026-02-06 00:35:12,0.17310000,124.99300,b,l
2026-02-06 00:35:16,0.17300000,119.19150,s,l
2026-02-06 00:35:26,0.17300000,1620.21860,s,l
2026-02-06 00:35:26,0.17300000,1849.55140,s,l
2026-02-06 00:35:28,0.17290000,9112.32000,s,l
2026-02-06 00:35:31,0.17280000,4921.01004,s,l
2026-02-06 00:35:33,0.17300000,119.39540,b,l
2026-02-06 00:35:53,0.17300000,345.93750,s,l
2026-02-06 00:35:53,0.17300000,345.93750,s,l
2026-02-06 00:36:08,0.17290000,345.93750,b,l
2026-02-06 00:36:13,0.17300000,122.76230,b,l
2026-02-06 00:36:18,0.17290000,120.51320,b,l
2026-02-06 00:37:01,0.17270000,124.10140,b,l
2026-02-06 00:37:08,0.17280000,4610.70580,s,l
2026-02-06 00:37:11,0.17290000,512.83180,b,l
2026-02-06 00:37:11,0.17290000,65.64260,b,l
2026-02-06 00:37:21,0.17320000,123.08100,b,l
2026-02-06 00:37:59,0.17350000,124.12610,b,l
2026-02-06 00:38:01,0.17370000,345.93750,s,l
2026-02-06 00:38:01,0.17370000,345.93750,s,l
2026-02-06 00:38:04,0.17400000,121.06760,b,l
2026-02-06 00:38:33,0.17380000,9126.83310,b,l
2026-02-06 00:38:33,0.17380000,2923.72470,b,l
2026-02-06 00:38:33,0.17380000,3218.89350,b,l
2026-02-06 00:38:33,0.17380000,2050.00000,b,l
2026-02-06 00:38:33,0.17380000,2050.00000,b,l
2026-02-06 00:38:33,0.17380000,1499.05651,b,l
2026-02-06 00:39:01,0.17540000,2867.73090,b,l
2026-02-06 00:39:20,0.17610000,345.93750,b,l
2026-02-06 00:39:20,0.17610000,345.93750,s,l
2026-02-06 00:39:20,0.17600000,345.93750,s,l
2026-02-06 00:39:20,0.17600000,4140.11979,s,l
2026-02-06 00:39:56,0.17490000,345.93750,s,m
2026-02-06 00:39:56,0.17490000,3158.82756,s,m
2026-02-06 00:40:03,0.17520000,2050.00000,b,l
2026-02-06 00:40:03,0.17520000,1262.24220,b,l
2026-02-06 00:40:03,0.17520000,550.94350,b,l
2026-02-06 00:40:15,0.17470000,121.79148,b,l
2026-02-06 00:40:58,0.17430000,123.70660,b,l
2026-02-06 00:40:58,0.17440000,345.93750,s,l
2026-02-06 00:41:03,0.17390000,5750.28111,s,l
2026-02-06 00:41:20,0.17350000,345.93750,s,l
2026-02-06 00:41:28,0.17330000,124.30500,s,l
2026-02-06 00:42:03,0.17340000,370.49009,s,l
2026-02-06 00:42:24,0.17370000,345.93750,s,l
2026-02-06 00:42:52,0.17330000,577.03404,b,l
2026-02-06 00:42:52,0.17330000,577.03396,b,l
2026-02-06 00:42:54,0.17340000,576.93314,b,l
2026-02-06 00:42:54,0.17340000,865.43255,b,l
2026-02-06 00:42:54,0.17340000,121.23838,b,l
2026-02-06 00:42:54,0.17340000,238.09993,b,l
2026-02-06 00:42:54,0.17340000,576.70120,b,l
2026-02-06 00:42:56,0.17340000,576.79195,b,l
2026-02-06 00:42:56,0.17340000,544.40315,b,l
2026-02-06 00:42:56,0.17340000,32.58710,b,l
2026-02-06 00:42:58,0.17350000,544.30400,b,l
2026-02-06 00:42:58,0.17350000,272.15200,b,l
2026-02-06 00:42:58,0.17350000,48.09731,b,l
2026-02-06 00:42:58,0.17350000,87.97869,b,l
2026-02-06 00:42:58,0.17350000,68.03800,b,l
2026-02-06 00:42:58,0.17350000,34.01900,b,l
2026-02-06 00:42:58,0.17350000,17.00950,b,l
2026-02-06 00:43:09,0.17350000,121.15556,b,l
2026-02-06 00:43:29,0.17290000,1385.94880,s,l
2026-02-06 00:43:29,0.17290000,2050.00000,s,l
2026-02-06 00:43:29,0.17290000,846.44513,s,l
2026-02-06 00:44:17,0.17360000,576.24853,b,l
2026-02-06 00:44:50,0.17340000,576.70126,b,l
2026-02-06 00:44:50,0.17340000,576.70124,b,l
2026-02-06 00:44:50,0.17350000,576.36887,b,l
2026-02-06 00:44:50,0.17350000,864.88873,b,l
2026-02-06 00:45:04,0.17420000,861.38289,b,l
2026-02-06 00:45:16,0.17560000,191.30310,b,l
2026-02-06 00:45:16,0.17560000,179.18700,b,l
2026-02-06 00:45:48,0.17550000,48.00000,s,l
2026-02-06 00:45:49,0.17550000,72.28230,s,l
2026-02-06 00:46:42,0.17470000,118.95580,s,l
2026-02-06 00:47:04,0.17500000,122.09185,b,l
2026-02-06 00:48:18,0.17350000,121.73270,s,l
2026-02-06 00:50:02,0.17360000,1210.44378,b,l
2026-02-06 00:50:15,0.17400000,123.48580,s,l
2026-02-06 00:51:06,0.17550000,17.14582,b,l
2026-02-06 00:51:07,0.17540000,122.51580,s,l
2026-02-06 00:51:16,0.17590000,568.68857,b,l
2026-02-06 00:51:16,0.17600000,345.93750,b,l
2026-02-06 00:51:16,0.17600000,1585.37393,b,l
2026-02-06 00:51:31,0.17550000,120.11640,s,l
2026-02-06 00:52:02,0.17570000,124.45829,b,l
2026-02-06 00:53:25,0.17570000,345.93750,s,l
2026-02-06 00:53:26,0.17600000,1066.47610,b,l
2026-02-06 00:53:38,0.17590000,317.97210,b,l
2026-02-06 00:53:38,0.17590000,748.50400,b,l
2026-02-06 00:53:50,0.17670000,20.14251,b,l
2026-02-06 00:53:50,0.17690000,1281.35349,b,l
2026-02-06 00:53:50,0.17690000,1066.47611,b,l
2026-02-06 00:53:55,0.17700000,119.38172,s,l
2026-02-06 00:53:57,0.17700000,871.55716,b,l
2026-02-06 00:54:02,0.17690000,345.93750,s,l
2026-02-06 00:54:04,0.17690000,124.94929,s,l
2026-02-06 00:54:18,0.17660000,122.50198,s,l
2026-02-06 00:54:52,0.17720000,345.93750,s,l
2026-02-06 00:54:58,0.17720000,345.93750,s,l
2026-02-06 00:55:01,0.17700000,799.57169,b,l
2026-02-06 00:55:10,0.17660000,219.22536,s,l
2026-02-06 00:55:11,0.17650000,219.22536,s,l
2026-02-06 00:55:11,0.17650000,126.71214,s,l
2026-02-06 00:55:43,0.17530000,121.10407,b,l
2026-02-06 00:55:43,0.17540000,2566.93631,s,l
2026-02-06 00:57:18,0.17450000,372.82520,s,l
2026-02-06 00:57:45,0.17490000,345.93750,b,l
2026-02-06 00:57:45,0.17500000,1000.00000,b,l
2026-02-06 00:57:45,0.17500000,345.93750,b,l
2026-02-06 00:57:45,0.17500000,963.39670,b,l
2026-02-06 00:57:47,0.17480000,9022.91000,s,l
2026-02-06 00:58:13,0.17450000,120.11704,s,l
2026-02-06 00:58:16,0.17450000,120.57340,b,l
2026-02-06 00:59:01,0.17520000,200.00000,s,l
2026-02-06 00:59:45,0.17480000,9015.40000,s,l
2026-02-06 01:00:00,0.17460000,119.78434,b,l
2026-02-06 01:00:00,0.17470000,1384.15342,b,l
2026-02-06 01:00:00,0.17470000,345.93750,b,l
2026-02-06 01:00:00,0.17480000,1000.00000,b,l
2026-02-06 01:00:00,0.17480000,238.10000,b,l
2026-02-06 01:00:00,0.17480000,345.93750,s,l
2026-02-06 01:00:15,0.17490000,1435.77570,b,l
2026-02-06 01:00:15,0.17490000,510.75980,b,l
2026-02-06 01:02:04,0.17490000,4100.00000,s,l
2026-02-06 01:02:04,0.17490000,4893.57000,s,l
2026-02-06 01:02:10,0.17520000,345.93750,s,l
2026-02-06 01:02:13,0.17550000,345.93750,b,l
2026-02-06 01:02:13,0.17560000,345.93750,b,l
2026-02-06 01:02:13,0.17560000,1308.10749,b,l
2026-02-06 01:02:13,0.17570000,2281.84658,b,l
2026-02-06 01:02:13,0.17570000,1.13342,b,l
2026-02-06 01:02:39,0.17510000,510.75980,s,l
2026-02-06 01:02:39,0.17510000,555.71631,s,l
2026-02-06 01:03:27,0.17460000,124.43664,b,l
2026-02-06 01:03:31,0.17490000,1066.47611,b,l
2026-02-06 01:03:46,0.17520000,17.15608,b,m
2026-02-06 01:04:27,0.17600000,123.06830,b,l
2026-02-06 01:04:30,0.17600000,393.68298,s,m
2026-02-06 01:04:35,0.17630000,1000.00000,b,l
2026-02-06 01:04:40,0.17660000,120.74700,b,l
2026-02-06 01:05:02,0.17670000,345.93750,s,l
2026-02-06 01:05:02,0.17660000,345.93750,s,m
2026-02-06 01:05:02,0.17650000,46.40794,s,m
2026-02-06 01:05:06,0.17680000,122.13920,b,l
2026-02-06 01:06:00,0.17560000,8979.41000,s,l
2026-02-06 01:06:17,0.17510000,2749.14089,s,l
2026-02-06 01:06:25,0.17470000,6325.23541,s,l
2026-02-06 01:06:25,0.17470000,2682.46459,s,l
2026-02-06 01:06:27,0.17470000,572.40984,b,l
2026-02-06 01:06:27,0.17470000,111.63566,b,l
2026-02-06 01:07:00,0.17490000,345.93750,s,l
2026-02-06 01:07:04,0.17510000,121.67771,b,l
2026-02-06 01:07:26,0.17530000,8025.24591,s,l
2026-02-06 01:07:30,0.17550000,120.39678,b,l
2026-02-06 01:08:08,0.17740000,121.55720,b,l
2026-02-06 01:08:10,0.17780000,974.87810,b,l
2026-02-06 01:08:39,0.17700000,119.82881,b,l
2026-02-06 01:08:51,0.17690000,4100.00000,s,l
2026-02-06 01:08:51,0.17690000,699.18000,s,l
2026-02-06 01:08:51,0.17690000,1066.82160,s,l
2026-02-06 01:08:51,0.17690000,3033.17840,s,l
2026-02-06 01:08:53,0.17700000,120.57055,b,l
2026-02-06 01:09:32,0.17720000,564.33400,b,l
2026-02-06 01:10:10,0.17750000,1118.02440,b,l
2026-02-06 01:10:10,0.17750000,1021.76480,b,l
2026-02-06 01:10:16,0.17800000,48.00000,b,l
2026-02-06 01:11:12,0.17720000,120.68157,b,l
2026-02-06 01:12:04,0.17810000,345.93750,s,l
2026-02-06 01:12:07,0.17840000,220.84160,b,l
2026-02-06 01:13:35,0.17690000,1066.47611,b,l
2026-02-06 01:13:37,0.17700000,629.26391,b,l
2026-02-06 01:13:37,0.17700000,345.93750,b,l
2026-02-06 01:13:37,0.17710000,345.93750,b,l
2026-02-06 01:13:37,0.17710000,269.07009,b,l
2026-02-06 01:13:56,0.17690000,1066.47611,b,l
2026-02-06 01:14:05,0.17690000,565.29112,b,l
2026-02-06 01:14:08,0.17690000,7715.67145,s,l
2026-02-06 01:14:14,0.17680000,120.02012,b,l
2026-02-06 01:14:14,0.17690000,1020.28858,b,l
2026-02-06 01:14:32,0.17700000,1066.47611,b,l
2026-02-06 01:14:42,0.17700000,121.28843,b,l
2026-02-06 01:16:42,0.17780000,345.93750,b,l
2026-02-06 01:16:42,0.17780000,1000.00000,b,l
2026-02-06 01:16:42,0.17780000,123.64366,b,l
2026-02-06 01:16:42,0.17790000,345.93750,b,l
2026-02-06 01:16:42,0.17800000,345.93750,b,l
2026-02-06 01:16:42,0.17800000,1000.00000,b,l
2026-02-06 01:16:42,0.17800000,1929.42220,b,l
2026-02-06 01:17:46,0.18000000,372.82520,b,l
2026-02-06 01:18:15,0.17950000,109.27300,b,l
2026-02-06 01:19:54,0.17830000,118.76480,b,l
2026-02-06 01:19:54,0.17860000,308.82830,b,l
2026-02-06 01:20:26,0.17870000,1077.59999,b,l
2026-02-06 01:20:27,0.17870000,1670.91400,b,l
2026-02-06 01:21:01,0.17880000,345.93750,s,l
2026-02-06 01:21:16,0.17870000,839.39564,b,m
2026-02-06 01:22:51,0.17790000,377.22581,s,l
2026-02-06 01:23:22,0.17800000,122.30389,b,l
2026-02-06 01:24:22,0.17850000,121.12995,b,l
2026-02-06 01:24:29,0.17870000,345.93750,b,l
2026-02-06 01:24:29,0.17870000,1085.61368,b,l
2026-02-06 01:24:29,0.17870000,9533.77236,b,l
2026-02-06 01:24:29,0.17870000,124.48922,b,l
2026-02-06 01:24:29,0.17880000,345.93750,s,l
2026-02-06 01:24:58,0.17850000,3484.80000,b,l
2026-02-06 01:26:01,0.17810000,124.66327,b,l
2026-02-06 01:26:01,0.17810000,952.93672,b,l
2026-02-06 01:27:40,0.17810000,123.68786,b,l
2026-02-06 01:28:09,0.17830000,1077.59999,b,l
2026-02-06 01:28:28,0.17800000,120.70327,b,l
2026-02-06 01:28:56,0.17770000,543.34965,b,l
2026-02-06 01:28:56,0.17770000,85.84335,b,l
2026-02-06 01:28:56,0.17770000,33.14851,b,l
2026-02-06 01:29:19,0.17750000,121.75038,b,l
2026-02-06 01:29:55,0.17760000,123.35849,b,l
2026-02-06 01:29:59,0.17770000,121.33857,b,l
2026-02-06 01:30:06,0.17790000,1077.59999,b,l
2026-02-06 01:30:08,0.17790000,14.46345,b,l
2026-02-06 01:30:25,0.17750000,123.15731,b,l
2026-02-06 01:30:32,0.17800000,119.31647,b,l
2026-02-06 01:33:43,0.17730000,119.67430,b,l
2026-02-06 01:35:54,0.17790000,122.73190,b,l
2026-02-06 01:36:02,0.17850000,1077.59999,b,l
2026-02-06 01:36:02,0.17850000,7434.32541,b,l
2026-02-06 01:36:45,0.17860000,345.93750,b,m
2026-02-06 01:36:45,0.17870000,345.93750,b,m
2026-02-06 01:36:45,0.17870000,4700.71000,b,m
2026-02-06 01:36:45,0.17870000,3234.72000,b,m
2026-02-06 01:36:45,0.17870000,1684.97910,b,m
2026-02-06 01:36:45,0.17890000,345.93750,b,m
2026-02-06 01:36:45,0.17890000,19.29422,b,m
2026-02-06 01:36:45,0.17900000,345.93750,b,m
2026-02-06 01:36:45,0.17900000,167.41150,b,m
2026-02-06 01:36:48,0.17830000,123.48880,b,l
2026-02-06 01:39:34,0.17810000,345.93750,s,l
2026-02-06 01:40:17,0.17840000,1400.84950,b,l
2026-02-06 01:40:17,0.17840000,200.64710,b,l
2026-02-06 01:41:51,0.17830000,123.15573,b,l
2026-02-06 01:43:11,0.17790000,237.87980,b,l
2026-02-06 01:43:55,0.17880000,124.95376,b,l
2026-02-06 01:43:55,0.17890000,952.64623,b,l
2026-02-06 01:43:59,0.17880000,155.00000,s,l
2026-02-06 01:43:59,0.17880000,190.93750,s,l
2026-02-06 01:43:59,0.17870000,345.93750,s,l
2026-02-06 01:43:59,0.17870000,678.12500,s,l
2026-02-06 01:43:59,0.17870000,230.01294,s,l
2026-02-06 01:43:59,0.17860000,48.98706,s,l
2026-02-06 01:47:45,0.17990000,1303.19520,b,l
2026-02-06 01:47:46,0.18020000,173.44744,b,l
2026-02-06 01:48:00,0.18050000,122.57901,b,l
2026-02-06 01:48:53,0.18040000,1308.10740,s,l
2026-02-06 01:48:55,0.18030000,433.61470,s,l
2026-02-06 01:48:55,0.18030000,874.49270,s,l
2026-02-06 01:48:56,0.18020000,1175.50730,s,l
2026-02-06 01:48:56,0.18020000,132.60019,s,l
2026-02-06 01:49:00,0.18010000,1308.10740,s,l
2026-02-06 01:49:00,0.18000000,566.21480,s,l
2026-02-06 01:49:00,0.18000000,741.89269,s,l
2026-02-06 01:49:03,0.17990000,1308.10740,s,l
2026-02-06 01:49:04,0.17980000,1068.33909,s,l
2026-02-06 01:49:07,0.18000000,175.67780,s,l
2026-02-06 01:49:07,0.18000000,1132.42960,s,l
2026-02-06 01:49:10,0.17990000,345.76453,b,l
2026-02-06 01:49:18,0.17980000,239.76840,s,l
2026-02-06 01:49:18,0.17980000,345.76453,b,l
2026-02-06 01:51:02,0.18020000,917.57040,s,l
2026-02-06 01:51:02,0.18020000,1857.12439,s,l
2026-02-06 01:51:25,0.17980000,1839.56192,b,l
2026-02-06 01:51:42,0.17990000,437.51135,b,l
2026-02-06 01:54:45,0.18020000,120.05640,b,l
2026-02-06 01:56:44,0.18110000,345.93750,b,l
2026-02-06 01:57:55,0.18100000,345.93750,b,m
2026-02-06 01:57:55,0.18110000,345.93750,b,m
2026-02-06 01:57:55,0.18110000,2663.48229,b,m
2026-02-06 01:57:55,0.18120000,345.93750,b,m
2026-02-06 01:57:55,0.18120000,2863.75000,b,m
2026-02-06 01:57:55,0.18130000,345.93750,b,m
2026-02-06 01:57:55,0.18130000,1323.88875,b,m
2026-02-06 01:57:55,0.18130000,223.77557,b,m
2026-02-06 01:58:22,0.18090000,118.86952,b,l
2026-02-06 01:58:22,0.18090000,345.93750,b,l
2026-02-06 01:59:07,0.18100000,345.93750,b,l
2026-02-06 01:59:07,0.18110000,119.92770,b,l
2026-02-06 01:59:07,0.18120000,345.93750,b,l
2026-02-06 02:00:04,0.18150000,345.93750,b,l
2026-02-06 02:00:04,0.18150000,345.93750,b,l
2026-02-06 02:00:04,0.18160000,345.93750,b,l
2026-02-06 02:00:04,0.18160000,238.10000,b,l
2026-02-06 02:00:04,0.18170000,345.93750,b,l
2026-02-06 02:00:04,0.18170000,874.85259,b,l
2026-02-06 02:00:04,0.18170000,1626.34353,b,l
2026-02-06 02:00:04,0.18180000,2205.53915,b,l
2026-02-06 02:00:04,0.18170000,345.93750,s,l
2026-02-06 02:00:04,0.18160000,53.30529,s,l
2026-02-06 02:00:27,0.18180000,393.68298,b,m
2026-02-06 02:00:30,0.18180000,880.62500,b,l
2026-02-06 02:00:30,0.18180000,709.15760,b,l
2026-02-06 02:01:02,0.18210000,345.93750,s,l
2026-02-06 02:04:27,0.18210000,345.93750,b,m
2026-02-06 02:04:27,0.18220000,46.40794,b,m
2026-02-06 02:04:35,0.18230000,46.40790,b,l
2026-02-06 02:06:03,0.18250000,345.93750,b,l
2026-02-06 02:06:03,0.18250000,345.93750,b,l
2026-02-06 02:06:36,0.18220000,345.93750,s,l
2026-02-06 02:07:38,0.18180000,123.37210,b,l
2026-02-06 02:07:43,0.18210000,121.69310,b,l
2026-02-06 02:08:33,0.18180000,100.87230,b,l
2026-02-06 02:08:52,0.18180000,124.83850,b,l
2026-02-06 02:11:35,0.18100000,124.54060,b,l
2026-02-06 02:12:35,0.18040000,345.93750,s,l
2026-02-06 02:14:01,0.17980000,120.47990,b,l
2026-02-06 02:14:41,0.17970000,850.92700,b,l
2026-02-06 02:14:41,0.17970000,1181.05710,b,l
2026-02-06 02:14:43,0.17980000,119.53570,b,l
2026-02-06 02:17:17,0.17950000,345.93750,b,l
2026-02-06 02:17:17,0.17950000,311.15304,b,l
2026-02-06 02:17:17,0.17950000,238.10000,b,l
2026-02-06 02:17:17,0.17960000,345.93750,b,l
2026-02-06 02:17:17,0.17960000,1674.89157,b,l
2026-02-06 02:17:17,0.17960000,345.93750,s,l
2026-02-06 02:17:22,0.17970000,345.93750,b,l
2026-02-06 02:17:22,0.17980000,345.93750,b,l
2026-02-06 02:17:22,0.17980000,121.96965,b,l
2026-02-06 02:17:22,0.17990000,345.93750,b,l
2026-02-06 02:17:22,0.17990000,1303.19520,b,l
2026-02-06 02:17:22,0.18000000,345.93750,b,l
2026-02-06 02:17:22,0.18000000,994.01305,b,l
2026-02-06 02:17:22,0.18000000,1000.00000,b,l
2026-02-06 02:17:22,0.18010000,345.93750,b,l
2026-02-06 02:17:22,0.18010000,2226.45183,b,l
2026-02-06 02:17:22,0.18000000,345.93750,b,l
2026-02-06 02:17:22,0.18020000,2000.00000,b,l
2026-02-06 02:17:22,0.18000000,1000.00000,s,l
2026-02-06 02:17:22,0.18000000,345.93750,s,l
2026-02-06 02:17:22,0.17990000,345.93750,s,l
2026-02-06 02:17:22,0.17990000,3267.34685,s,l
2026-02-06 02:17:22,0.18010000,284.00000,b,l
2026-02-06 02:17:22,0.18010000,61.93750,b,l
2026-02-06 02:17:22,0.18020000,265.06250,b,l
2026-02-06 02:18:10,0.17980000,278.08676,s,l
2026-02-06 02:18:24,0.17940000,124.10600,b,l
2026-02-06 02:18:28,0.17940000,121.85440,b,l
2026-02-06 02:19:14,0.17950000,121.62360,b,l
2026-02-06 02:21:08,0.17760000,345.93750,s,l
2026-02-06 02:21:08,0.17760000,2428.75729,s,l
2026-02-06 02:21:35,0.17760000,557.91014,b,l
2026-02-06 02:21:35,0.17770000,1303.19520,b,l
2026-02-06 02:21:35,0.17770000,7026.13283,b,l
2026-02-06 02:21:39,0.17770000,1300.59280,s,l
2026-02-06 02:21:50,0.17750000,124.33360,b,l
2026-02-06 02:22:16,0.17750000,121.12530,b,l
2026-02-06 02:23:21,0.17720000,5643.34085,s,l
2026-02-06 02:23:35,0.17700000,3599.69280,s,l
2026-02-06 02:23:35,0.17700000,500.30720,s,l
2026-02-06 02:23:35,0.17700000,1549.69284,s,l
2026-02-06 02:23:35,0.17690000,4091.61296,s,l
2026-02-06 02:23:35,0.17690000,1559.36660,s,l
2026-02-06 02:23:35,0.17690000,239.00686,s,l
2026-02-06 02:23:37,0.17690000,770.70710,b,l
2026-02-06 02:24:15,0.17670000,173.44744,s,l
2026-02-06 02:24:25,0.17700000,31.94479,b,m
2026-02-06 02:30:05,0.17720000,1154.35416,b,l
2026-02-06 02:30:12,0.17750000,121.54910,s,l
2026-02-06 02:33:43,0.17840000,121.54910,b,l
2026-02-06 02:33:44,0.17850000,840.59866,b,l
2026-02-06 02:33:46,0.17870000,123.92900,s,l
2026-02-06 02:34:27,0.17860000,123.27080,s,l
2026-02-06 02:35:17,0.17810000,34.00296,s,l
2026-02-06 02:38:37,0.17810000,177.23370,s,m
2026-02-06 02:38:52,0.17820000,1926.72920,s,l
2026-02-06 02:38:53,0.17810000,5614.82313,s,l
2026-02-06 02:38:53,0.17810000,1303.19520,s,l
2026-02-06 02:38:53,0.17810000,238.09997,s,l
2026-02-06 02:39:28,0.17820000,122.65770,s,l
2026-02-06 02:41:08,0.17800000,120.54040,b,l
2026-02-06 02:41:40,0.17780000,1933.80622,b,l
2026-02-06 02:41:44,0.17800000,122.90320,b,l
2026-02-06 02:43:24,0.17800000,119.43910,b,l
2026-02-06 02:44:13,0.17820000,123.14170,b,l
2026-02-06 02:46:00,0.17730000,118.85683,s,l
2026-02-06 02:47:20,0.17640000,169.64390,b,l
2026-02-06 02:49:17,0.17630000,392.92660,s,l
2026-02-06 02:50:04,0.17680000,814.47820,b,l
2026-02-06 02:50:09,0.17680000,394.54820,b,l
2026-02-06 02:51:26,0.17680000,33.93665,s,l
2026-02-06 02:51:47,0.17620000,60.43770,s,l
2026-02-06 02:52:42,0.17590000,486.02440,s,l
2026-02-06 02:52:42,0.17590000,3896.36190,s,l
2026-02-06 02:53:20,0.17550000,120.11972,b,l
2026-02-06 02:53:20,0.17550000,21.31095,b,l
2026-02-06 02:53:43,0.17520000,120.36767,b,l
2026-02-06 02:54:23,0.17500000,122.40953,b,m
2026-02-06 02:54:23,0.17510000,345.93750,b,m
2026-02-06 02:54:23,0.17510000,5242.74515,b,m
2026-02-06 02:59:49,0.17510000,121.03262,b,l
2026-02-06 02:59:49,0.17510000,345.93750,b,l
2026-02-06 02:59:49,0.17520000,283.02988,b,l
2026-02-06 03:00:14,0.17530000,5.64630,b,l
2026-02-06 03:00:34,0.17540000,697.52130,b,l
2026-02-06 03:00:34,0.17540000,777.59931,b,l
2026-02-06 03:01:05,0.17510000,120.60740,b,l
2026-02-06 03:01:39,0.17520000,120.43210,b,l
2026-02-06 03:04:06,0.17620000,345.93750,b,l
2026-02-06 03:04:06,0.17630000,567.21497,b,l
2026-02-06 03:04:06,0.17640000,566.96270,b,l
2026-02-06 03:04:06,0.17640000,238.10000,b,l
2026-02-06 03:05:26,0.17600000,121.65070,b,l
2026-02-06 03:07:09,0.17510000,1303.19520,s,l
2026-02-06 03:07:09,0.17510000,120.71220,s,l
2026-02-06 03:07:19,0.17510000,127.41995,b,l
2026-02-06 03:07:19,0.17510000,1180.68754,b,l
2026-02-06 03:07:35,0.17510000,1308.10740,b,l
2026-02-06 03:07:41,0.17520000,1077.59999,s,l
2026-02-06 03:07:46,0.17510000,1077.59999,s,l
2026-02-06 03:08:01,0.17510000,1077.59999,s,l
2026-02-06 03:08:09,0.17490000,161.94630,s,l
2026-02-06 03:08:09,0.17490000,2050.00000,s,l
2026-02-06 03:08:09,0.17480000,1077.59999,s,l
2026-02-06 03:10:21,0.17490000,2050.00000,s,l
2026-02-06 03:11:10,0.17410000,2050.00000,s,l
2026-02-06 03:11:10,0.17410000,3691.16230,s,l
2026-02-06 03:11:10,0.17400000,1164.75110,s,l
2026-02-06 03:11:10,0.17400000,79.10650,s,l
2026-02-06 03:11:10,0.17400000,8618.23124,s,l
2026-02-06 03:11:10,0.17400000,230.08133,s,l
2026-02-06 03:11:17,0.17410000,33.93665,s,m
2026-02-06 03:11:25,0.17410000,2050.00000,s,l
2026-02-06 03:11:25,0.17410000,2050.00000,s,l
2026-02-06 03:13:15,0.17420000,2050.00000,b,l
2026-02-06 03:13:15,0.17420000,3.19044,b,l
2026-02-06 03:14:48,0.17400000,345.93750,s,m
2026-02-06 03:14:48,0.17400000,51.81338,s,m
2026-02-06 03:15:02,0.17420000,119.89790,b,l
2026-02-06 03:16:15,0.17450000,345.93750,b,l
2026-02-06 03:16:18,0.17460000,397.06707,s,m
2026-02-06 03:16:21,0.17470000,121.48126,b,l
2026-02-06 03:16:21,0.17470000,6784.70349,b,l
2026-02-06 03:17:20,0.17430000,57.32980,b,l
2026-02-06 03:17:20,0.17430000,57.32980,b,l
2026-02-06 03:17:24,0.17410000,1077.59999,s,l
2026-02-06 03:17:35,0.17420000,124.05600,b,l
2026-02-06 03:17:47,0.17480000,1303.19520,b,l
2026-02-06 03:17:47,0.17480000,120.29820,b,l
2026-02-06 03:20:07,0.17420000,21.83560,s,l
2026-02-06 03:20:24,0.17440000,1800.49170,b,l
2026-02-06 03:23:47,0.17370000,119.85400,b,l
2026-02-06 03:24:13,0.17350000,3518.12280,s,l
2026-02-06 03:24:36,0.17350000,120.30170,b,l
2026-02-06 03:25:03,0.17360000,345.93750,s,m
2026-02-06 03:25:03,0.17350000,198.06250,s,m
2026-02-06 03:25:10,0.17360000,118.88958,s,l
2026-02-06 03:25:10,0.17360000,1430.68312,s,l
2026-02-06 03:25:30,0.17340000,120.73561,s,l
2026-02-06 03:25:30,0.17340000,1929.26439,s,l
2026-02-06 03:25:30,0.17340000,2050.00000,s,l
2026-02-06 03:25:30,0.17340000,242.18060,s,l
2026-02-06 03:25:30,0.17340000,1545.56769,s,l
2026-02-06 03:27:54,0.17370000,11.39900,b,l
2026-02-06 03:28:29,0.17390000,124.19706,s,l
2026-02-06 03:28:29,0.17390000,375.99154,s,l
2026-02-06 03:28:35,0.17390000,8.61590,s,l
2026-02-06 03:30:03,0.17450000,124.01427,b,l
2026-02-06 03:30:03,0.17450000,2013.65443,b,l
2026-02-06 03:30:32,0.17450000,121.34530,b,l
2026-02-06 03:31:56,0.17500000,123.82670,b,l
2026-02-06 03:34:07,0.17450000,121.42690,b,l
2026-02-06 03:34:19,0.17430000,345.93750,s,m
2026-02-06 03:34:19,0.17430000,51.12957,s,m
2026-02-06 03:37:02,0.17490000,119.00570,b,l
2026-02-06 03:38:38,0.17440000,122.28340,b,l
2026-02-06 03:41:12,0.17420000,1876.01880,b,l
2026-02-06 03:44:13,0.17370000,123.23550,b,l
2026-02-06 03:44:37,0.17400000,120.61100,s,l
2026-02-06 03:44:50,0.17390000,345.93750,s,m
2026-02-06 03:44:50,0.17390000,52.27057,s,m
2026-02-06 03:44:59,0.17410000,124.71170,b,l
2026-02-06 03:49:31,0.17370000,118.96540,b,l
2026-02-06 03:50:02,0.17390000,774.54780,b,l
2026-02-06 03:50:02,0.17390000,1068.15130,b,l
2026-02-06 03:50:02,0.17390000,200.89464,b,l
2026-02-06 03:50:46,0.17440000,123.11700,s,l
2026-02-06 03:50:53,0.17430000,200.89460,s,l
2026-02-06 03:50:53,0.17430000,2050.00000,s,l
2026-02-06 03:50:53,0.17420000,436.74800,s,l
2026-02-06 03:52:11,0.17370000,120.60116,b,l
2026-02-06 03:52:11,0.17370000,1151.41047,b,l
2026-02-06 03:57:40,0.17460000,777.98840,b,l
2026-02-06 03:57:40,0.17460000,530.11909,b,l
2026-02-06 03:57:40,0.17460000,1145.49051,b,l
2026-02-06 03:57:40,0.17470000,1308.10749,b,l
2026-02-06 03:59:39,0.17450000,121.75112,b,l
2026-02-06 03:59:39,0.17450000,1641.02535,b,l
2026-02-06 03:59:39,0.17450000,345.93750,b,l
2026-02-06 03:59:39,0.17450000,184.71603,b,l
2026-02-06 04:01:26,0.17350000,345.93750,b,l
2026-02-06 04:01:29,0.17350000,1630.70400,b,l
2026-02-06 04:02:02,0.17390000,345.93750,s,l
2026-02-06 04:02:02,0.17390000,5750.43128,s,l
2026-02-06 04:02:02,0.17390000,369.23122,s,l
2026-02-06 04:02:02,0.17390000,4614.42100,s,l
2026-02-06 04:09:27,0.17290000,123.45787,b,m
2026-02-06 04:09:27,0.17300000,274.29301,b,m
2026-02-06 04:10:04,0.17320000,1359.14720,b,l
2026-02-06 04:11:07,0.17290000,71.64450,s,l
2026-02-06 04:15:32,0.17360000,47.73713,b,l
2026-02-06 04:18:11,0.17440000,122.01780,b,l
2026-02-06 04:21:36,0.17440000,568.83500,b,l
2026-02-06 04:21:36,0.17440000,1571.02920,b,l
2026-02-06 04:26:00,0.17550000,124.65650,b,l
2026-02-06 04:27:21,0.17660000,20.02578,b,l
2026-02-06 04:27:36,0.17660000,345.93750,b,l
2026-02-06 04:27:36,0.17660000,118.87697,b,l
2026-02-06 04:27:36,0.17670000,345.93750,b,l
2026-02-06 04:27:36,0.17670000,689.24803,b,l
2026-02-06 04:33:00,0.17560000,2207.64770,b,l
2026-02-06 04:35:46,0.17540000,1853.33340,s,l
2026-02-06 04:35:46,0.17540000,3847.92087,s,l
2026-02-06 04:35:46,0.17530000,6150.00000,s,l
2026-02-06 04:35:46,0.17530000,2817.24000,s,l
2026-02-06 04:35:46,0.17530000,5704.50656,s,l
2026-02-06 04:35:46,0.17530000,26.12558,s,l
2026-02-06 04:35:46,0.17530000,219.43105,s,l
2026-02-06 04:35:46,0.17520000,2050.00000,s,l
2026-02-06 04:36:01,0.17520000,186.22563,s,l
2026-02-06 04:37:26,0.17480000,1383.52577,b,l
2026-02-06 04:38:20,0.17520000,122.84080,b,l
2026-02-06 04:39:11,0.17490000,243.55814,s,l
2026-02-06 04:39:34,0.17480000,96.59020,b,l
2026-02-06 04:42:14,0.17440000,46.13181,b,m
2026-02-06 04:43:10,0.17450000,1638.57240,b,l
2026-02-06 04:46:00,0.17530000,119.08530,b,l
2026-02-06 04:46:58,0.17540000,57.02863,s,l
2026-02-06 04:47:06,0.17540000,288.90887,s,m
2026-02-06 04:47:06,0.17540000,119.17111,s,m
2026-02-06 04:47:59,0.17570000,122.09456,b,l
2026-02-06 04:48:00,0.17580000,292.34190,b,l
2026-02-06 04:50:17,0.17620000,1925.83350,b,l
2026-02-06 04:53:03,0.17590000,121.04290,b,l
2026-02-06 04:59:02,0.17580000,84.80030,b,l
2026-02-06 04:59:02,0.17580000,37.01608,b,l
2026-02-06 04:59:02,0.17580000,1383.52577,b,l
2026-02-06 05:01:39,0.17570000,753.62470,b,l
2026-02-06 05:01:40,0.17570000,854.40800,b,l
2026-02-06 05:01:41,0.17580000,123.24560,b,l
2026-02-06 05:01:49,0.17620000,124.51160,b,l
2026-02-06 05:02:49,0.17640000,1701.53679,b,l
2026-02-06 05:03:21,0.17680000,120.37770,b,l
2026-02-06 05:03:50,0.17670000,124.82360,b,l
2026-02-06 05:04:27,0.17700000,120.19980,b,l
2026-02-06 05:04:51,0.17710000,124.11840,b,l
2026-02-06 05:04:51,0.17710000,5.70570,b,l
2026-02-06 05:05:29,0.17710000,123.17140,b,l
2026-02-06 05:06:01,0.17770000,120.12460,b,l
2026-02-06 05:06:01,0.17780000,1079.77760,b,l
2026-02-06 05:06:05,0.17800000,124.90210,b,l
2026-02-06 05:11:23,0.17710000,1693.41717,b,l
2026-02-06 05:11:23,0.17710000,1693.95821,b,l
2026-02-06 05:11:23,0.17710000,119.89942,b,l
2026-02-06 05:11:23,0.17720000,75.64650,b,l
2026-02-06 05:11:23,0.17720000,1532.92130,b,l
2026-02-06 05:12:18,0.17810000,119.49140,b,l
2026-02-06 05:12:42,0.17860000,48.00000,s,m
2026-02-06 05:13:04,0.17870000,122.09070,s,l
2026-02-06 05:13:20,0.17850000,73.04720,s,l
2026-02-06 05:13:20,0.17850000,46.30155,s,l
2026-02-06 05:21:32,0.17730000,120.04680,b,l
2026-02-06 05:21:32,0.17730000,120.04680,b,l
2026-02-06 05:22:07,0.17740000,1262.24140,b,l
2026-02-06 05:25:48,0.17630000,120.30360,s,l
2026-02-06 05:30:15,0.17670000,1395.41383,b,l
2026-02-06 05:30:20,0.17670000,0.69806,b,l
2026-02-06 05:31:22,0.17720000,122.50130,s,l
2026-02-06 05:31:39,0.17720000,120.25180,s,l
2026-02-06 05:31:39,0.17710000,1139.48330,s,l
2026-02-06 05:33:50,0.17770000,345.93750,b,l
2026-02-06 05:33:50,0.17770000,122.08291,b,l
2026-02-06 05:33:50,0.17780000,345.93750,b,l
2026-02-06 05:33:50,0.17780000,198.04110,b,l
2026-02-06 05:33:50,0.17780000,33.29529,b,l
2026-02-06 05:35:43,0.17800000,119.26220,s,l
2026-02-06 05:35:51,0.17790000,121.27280,b,l
2026-02-06 05:39:20,0.17810000,120.63917,b,l
2026-02-06 05:39:23,0.17820000,118.76171,b,l
2026-02-06 05:39:32,0.17830000,119.24790,b,l
2026-02-06 05:39:56,0.17840000,120.71873,b,l
2026-02-06 05:40:32,0.17810000,119.97639,b,l
2026-02-06 05:40:32,0.17810000,957.62360,b,l
2026-02-06 05:40:34,0.17810000,728.61667,b,l
2026-02-06 05:40:34,0.17810000,123.81930,b,l
2026-02-06 05:41:43,0.17850000,121.71350,b,l
2026-02-06 05:41:43,0.17850000,862.46780,b,l
2026-02-06 05:45:24,0.17810000,124.95110,s,l
2026-02-06 05:46:10,0.17790000,122.15540,s,l
2026-02-06 05:46:37,0.17780000,118.88759,b,l
2026-02-06 05:46:37,0.17780000,708.20741,b,l
2026-02-06 05:48:24,0.17770000,56.30611,s,l
2026-02-06 05:48:24,0.17770000,56.30611,s,l
2026-02-06 05:49:35,0.17750000,121.40000,b,l
2026-02-06 05:49:38,0.17760000,1308.10740,s,l
2026-02-06 05:49:46,0.17760000,123.81590,b,l
2026-02-06 05:50:39,0.17800000,336.19900,b,l
2026-02-06 05:50:39,0.17800000,117.45090,b,l
2026-02-06 05:50:39,0.17800000,756.61101,b,l
2026-02-06 05:50:50,0.17850000,1293.38900,b,l
2026-02-06 05:50:51,0.17850000,2155.19999,b,l
2026-02-06 05:50:51,0.17850000,2050.00000,b,l
2026-02-06 05:50:51,0.17850000,932.59730,b,l
2026-02-06 05:51:36,0.17860000,562.49440,b,l
2026-02-06 05:51:36,0.17860000,1117.40270,b,l
2026-02-06 05:51:58,0.17970000,6431.18620,b,l
2026-02-06 05:52:25,0.17950000,345.93750,b,l
2026-02-06 05:52:25,0.17960000,1670.37861,b,l
2026-02-06 05:52:25,0.17960000,345.93750,b,l
2026-02-06 05:52:25,0.17960000,1670.37861,b,l
2026-02-06 05:52:27,0.17970000,397.06707,b,m
2026-02-06 05:52:31,0.17920000,122.49250,s,l
2026-02-06 05:52:43,0.17890000,120.76048,s,l
2026-02-06 05:54:07,0.17960000,119.68563,b,l
2026-02-06 05:54:10,0.17990000,122.75350,b,l
2026-02-06 05:54:27,0.17990000,397.06707,b,m
2026-02-06 05:54:39,0.18010000,124.38917,b,l
2026-02-06 05:54:39,0.18010000,953.21082,b,l
2026-02-06 05:57:23,0.17880000,1308.10740,s,l
2026-02-06 05:57:48,0.17890000,124.53237,s,l
2026-02-06 05:57:50,0.17880000,562.49440,s,l
2026-02-06 05:57:51,0.17880000,745.61300,s,l
2026-02-06 05:57:55,0.17890000,370.31862,b,l
2026-02-06 05:58:06,0.17880000,123.45474,b,l
2026-02-06 05:59:27,0.17910000,345.93750,b,m
2026-02-06 05:59:27,0.17910000,52.27057,b,m
2026-02-06 06:00:01,0.17910000,481.63090,b,l
2026-02-06 06:00:01,0.17910000,451.58020,b,l
2026-02-06 06:00:01,0.17910000,652.05249,b,l
2026-02-06 06:00:42,0.17950000,104.60140,b,l
2026-02-06 06:00:42,0.17950000,1567.48261,b,l
2026-02-06 06:00:42,0.17950000,1672.08401,b,l
2026-02-06 06:01:15,0.17940000,119.64335,b,l
2026-02-06 06:01:15,0.17950000,345.93750,b,l
2026-02-06 06:01:15,0.17950000,185.86682,b,l
2026-02-06 06:04:59,0.17990000,122.51360,s,l
2026-02-06 06:06:36,0.17960000,120.25850,b,l
2026-02-06 06:07:15,0.17990000,345.93750,b,l
2026-02-06 06:07:15,0.17990000,1668.29756,b,l
2026-02-06 06:07:15,0.17990000,8774.47000,b,l
2026-02-06 06:07:15,0.18000000,345.93750,b,l
2026-02-06 06:07:15,0.18000000,1308.10749,b,l
2026-02-06 06:07:15,0.18000000,1340.50740,b,l
2026-02-06 06:07:15,0.18000000,1763.81215,b,l
2026-02-06 06:07:15,0.18000000,736.58677,b,l
2026-02-06 06:07:15,0.18000000,238.10000,b,l
2026-02-06 06:07:15,0.18000000,2500.82129,b,l
2026-02-06 06:07:15,0.18000000,2225.05770,b,l
2026-02-06 06:07:15,0.18000000,2501.06361,b,l
2026-02-06 06:07:15,0.18010000,345.93750,b,l
2026-02-06 06:07:15,0.18010000,1308.10749,b,l
2026-02-06 06:07:15,0.18010000,77.91558,b,l
2026-02-06 06:07:15,0.18010000,2051.95804,b,l
2026-02-06 06:07:15,0.18020000,345.93750,b,l
2026-02-06 06:07:15,0.18020000,3290.74944,b,l
2026-02-06 06:07:15,0.18020000,873.31576,b,l
2026-02-06 06:07:15,0.18020000,487.09704,s,l
2026-02-06 06:07:15,0.18030000,95.00000,b,l
2026-02-06 06:07:15,0.18030000,282.22588,b,l
2026-02-06 06:07:15,0.18030000,266.77412,b,l
2026-02-06 06:08:06,0.17980000,38.00000,s,l
2026-02-06 06:08:57,0.17930000,1308.10749,s,l
2026-02-06 06:08:57,0.17930000,4825.44841,s,l
2026-02-06 06:08:57,0.17930000,2050.00000,s,l
2026-02-06 06:08:57,0.17930000,286.22960,s,l
2026-02-06 06:08:57,0.17930000,1614.12199,s,l
2026-02-06 06:08:57,0.17930000,435.87801,s,l
2026-02-06 06:08:57,0.17930000,121.94383,s,l
2026-02-06 06:11:01,0.17930000,12.00000,s,l
2026-02-06 06:11:45,0.17920000,119.57070,s,l
2026-02-06 06:11:49,0.17910000,1479.71473,s,l
2026-02-06 06:11:50,0.17900000,239.81900,s,l
2026-02-06 06:12:17,0.17920000,974.10445,b,l
2026-02-06 06:12:53,0.17920000,354.81770,b,l
2026-02-06 06:12:54,0.17920000,552.64030,b,l
2026-02-06 06:16:17,0.17890000,195.64000,s,l
2026-02-06 06:16:37,0.17890000,345.93750,s,l
2026-02-06 06:16:37,0.17880000,345.93750,s,l
2026-02-06 06:16:37,0.17880000,139.68958,s,l
2026-02-06 06:16:37,0.17880000,345.93750,s,l
2026-02-06 06:17:42,0.17870000,123.80770,s,l
2026-02-06 06:20:20,0.17820000,120.64479,s,m
2026-02-06 06:20:20,0.17820000,267.08998,s,m
2026-02-06 06:20:33,0.17840000,307.93750,b,l
2026-02-06 06:20:33,0.17840000,865.18370,b,l
2026-02-06 06:20:33,0.17840000,225.36320,b,l
2026-02-06 06:20:33,0.17840000,287.52810,b,l
2026-02-06 06:25:13,0.17810000,1479.71470,s,l
2026-02-06 06:25:41,0.17780000,839.92660,b,l
2026-02-06 06:25:55,0.17800000,1123.59550,b,m
2026-02-06 06:25:55,0.17800000,8859.14000,b,m
2026-02-06 06:25:55,0.17800000,345.93750,b,m
2026-02-06 06:25:55,0.17810000,345.93750,b,m
2026-02-06 06:25:55,0.17810000,32.48028,b,m
2026-02-06 06:26:56,0.17760000,120.06520,s,l
2026-02-06 06:27:28,0.17760000,119.05249,b,l
2026-02-06 06:27:28,0.17760000,520.73561,b,l
2026-02-06 06:27:28,0.17760000,605.39051,b,l
2026-02-06 06:30:03,0.17800000,86.48450,b,l
2026-02-06 06:30:36,0.17790000,122.81750,s,l
2026-02-06 06:31:26,0.17780000,6066.75437,s,l
2026-02-06 06:32:22,0.17750000,58.27700,s,l
2026-02-06 06:32:49,0.17750000,632.65570,s,l
2026-02-06 06:32:49,0.17750000,2050.00000,s,l
2026-02-06 06:32:49,0.17750000,571.08950,s,l
2026-02-06 06:32:52,0.17740000,119.21060,s,l
2026-02-06 06:33:37,0.17720000,146.74140,s,l
2026-02-06 06:33:38,0.17720000,141.01099,s,l
2026-02-06 06:35:07,0.17700000,1381.59448,b,l
2026-02-06 06:35:07,0.17700000,119.75862,b,l
2026-02-06 06:35:14,0.17700000,120.57330,b,l
2026-02-06 06:35:27,0.17690000,387.73477,b,m
2026-02-06 06:38:04,0.17640000,120.65906,s,l
2026-02-06 06:38:26,0.17600000,345.93750,s,l
2026-02-06 06:38:26,0.17600000,345.93750,s,l
2026-02-06 06:38:26,0.17600000,121.53572,s,l
2026-02-06 06:38:31,0.17610000,120.46456,s,l
2026-02-06 06:39:11,0.17600000,18.87599,s,l
2026-02-06 06:39:18,0.17600000,105.83624,s,l
2026-02-06 06:39:18,0.17600000,52.04621,s,l
2026-02-06 06:39:25,0.17610000,119.77960,s,l
2026-02-06 06:41:32,0.17590000,689.50640,b,l
2026-02-06 06:41:32,0.17590000,680.42550,b,l
2026-02-06 06:44:08,0.17560000,452.73340,s,l
2026-02-06 06:44:11,0.17550000,122.89620,s,l
2026-02-06 06:44:21,0.17520000,388.20634,s,l
2026-02-06 06:44:21,0.17510000,2050.00000,s,l
2026-02-06 06:44:21,0.17510000,2050.00000,s,l
2026-02-06 06:44:21,0.17510000,292.21920,s,l
2026-02-06 06:44:21,0.17510000,2050.00000,s,l
2026-02-06 06:44:21,0.17510000,537.51720,s,l
2026-02-06 06:44:21,0.17510000,3562.01880,s,l
2026-02-06 06:44:21,0.17510000,3042.56040,s,l
2026-02-06 06:44:21,0.17510000,2050.00000,s,l
2026-02-06 06:44:21,0.17510000,98.74210,s,l
2026-02-06 06:44:21,0.17510000,4100.00000,s,l
2026-02-06 06:44:21,0.17510000,2050.00000,s,l
2026-02-06 06:44:21,0.17510000,569.65930,s,l
2026-02-06 06:44:21,0.17510000,3189.34430,s,l
2026-02-06 06:44:21,0.17510000,2485.71414,s,l
2026-02-06 06:44:21,0.17510000,1479.71473,s,l
2026-02-06 06:44:21,0.17510000,244.83591,s,l
2026-02-06 06:44:21,0.17500000,2050.00000,s,l
2026-02-06 06:44:21,0.17500000,6517.97702,s,l
2026-02-06 06:44:21,0.17490000,8572.74540,s,l
2026-02-06 06:44:31,0.17440000,124.72180,b,l
2026-02-06 06:45:05,0.17480000,839.51870,b,l
2026-02-06 06:45:05,0.17480000,640.19604,b,l
2026-02-06 06:45:31,0.17520000,122.56020,s,l
2026-02-06 06:45:31,0.17510000,265.64610,s,l
2026-02-06 06:45:31,0.17510000,121.70230,s,l
2026-02-06 06:45:31,0.17510000,146.95110,s,l
2026-02-06 06:45:31,0.17510000,1479.71474,s,l
2026-02-06 06:46:10,0.17450000,34.38390,s,l
2026-02-06 06:46:30,0.17420000,119.24810,s,l
2026-02-06 06:46:32,0.17410000,34.46290,s,l
2026-02-06 06:46:33,0.17390000,1479.71470,b,l
2026-02-06 06:46:36,0.17400000,1149.42528,b,l
2026-02-06 06:47:02,0.17380000,1479.71470,b,l
2026-02-06 06:48:02,0.17450000,345.93750,b,l
2026-02-06 06:48:02,0.17450000,118.91492,b,l
2026-02-06 06:48:02,0.17460000,345.93750,b,l
2026-02-06 06:48:02,0.17460000,1145.47537,b,l
2026-02-06 06:48:02,0.17460000,335.04471,b,l
2026-02-06 06:48:58,0.17420000,121.57040,b,l
2026-02-06 06:49:16,0.17420000,121.94040,b,l
2026-02-06 06:50:49,0.17380000,345.93750,s,m
2026-02-06 06:50:49,0.17370000,51.81338,s,m
2026-02-06 06:51:10,0.17400000,1363.89050,b,l
2026-02-06 06:51:55,0.17430000,121.11380,b,l
2026-02-06 06:51:55,0.17430000,1147.38620,b,l
