timestamp,price,volume,side,type
2026-02-05 23:02:55,0.10920000,5.46000,b,l
2026-02-05 23:03:13,0.10930000,5.46000,b,l
2026-02-05 23:03:30,0.10950000,5.46000,b,l
2026-02-05 23:03:46,0.10980000,5.46000,b,l
2026-02-05 23:03:48,0.10980000,25.77720,b,l
2026-02-05 23:04:03,0.10990000,5.46000,b,l
2026-02-05 23:04:21,0.11030000,5.46000,b,l
2026-02-05 23:04:37,0.11030000,2.74760,b,l
2026-02-05 23:04:37,0.11040000,2.71240,b,l
2026-02-05 23:04:38,0.11040000,441.81000,b,l
2026-02-05 23:04:43,0.11070000,550.14637,b,l
2026-02-05 23:04:43,0.11070000,10677.15000,b,l
2026-02-05 23:04:54,0.11090000,5.46000,b,l
2026-02-05 23:04:54,0.11060000,5.23105,s,m
2026-02-05 23:05:07,0.11090000,24.88969,b,l
2026-02-05 23:05:07,0.11120000,716.16955,b,m
2026-02-05 23:05:12,0.11130000,5.46000,b,l
2026-02-05 23:05:27,0.11080000,1675.77413,s,m
2026-02-05 23:05:28,0.11080000,5.46000,b,l
2026-02-05 23:05:29,0.11080000,9019.81075,b,l
2026-02-05 23:05:45,0.11080000,5.46000,b,l
2026-02-05 23:06:01,0.11080000,5.46000,b,l
2026-02-05 23:06:19,0.11090000,5.46000,b,l
2026-02-05 23:06:36,0.11090000,5.46000,b,l
2026-02-05 23:06:52,0.11090000,5.46000,b,l
2026-02-05 23:07:10,0.11100000,5.46000,b,l
2026-02-05 23:07:27,0.11100000,5.46000,b,l
2026-02-05 23:07:43,0.11100000,5.46000,b,l
2026-02-05 23:08:00,0.11090000,5.46000,b,l
2026-02-05 23:08:17,0.11060000,5.46000,b,l
2026-02-05 23:08:34,0.11050000,5.46000,b,l
2026-02-05 23:08:42,0.11040000,874.37400,b,l
2026-02-05 23:08:50,0.11040000,5.46000,b,l
2026-02-05 23:09:08,0.11030000,5.46000,b,l
2026-02-05 23:09:24,0.11050000,5.46000,b,l
2026-02-05 23:09:31,0.11070000,5.81716,b,m
2026-02-05 23:09:41,0.11080000,5.46000,b,l
2026-02-05 23:09:57,0.11080000,5.46000,b,l
2026-02-05 23:10:00,0.11080000,5.81716,b,m
2026-02-05 23:10:15,0.11100000,5.46000,b,l
2026-02-05 23:10:31,0.11080000,5.46000,b,l
2026-02-05 23:10:48,0.11110000,5.46000,b,l
2026-02-05 23:11:04,0.11100000,5.46000,b,l
2026-02-05 23:11:22,0.11090000,5.46000,b,l
2026-02-05 23:11:23,0.11090000,87.97200,b,l
2026-02-05 23:11:38,0.11100000,5.46000,b,l
2026-02-05 23:11:55,0.11100000,5.46000,b,l
2026-02-05 23:12:13,0.11110000,5.46000,b,l
2026-02-05 23:12:29,0.11120000,5.46000,b,l
2026-02-05 23:12:46,0.11130000,5.46000,b,l
2026-02-05 23:13:02,0.11100000,5.46000,b,l
2026-02-05 23:13:20,0.11090000,5.46000,b,l
2026-02-05 23:13:37,0.11080000,5.46000,b,l
2026-02-05 23:13:54,0.11080000,5.46000,b,l
2026-02-05 23:14:12,0.11080000,5.46000,b,l
2026-02-05 23:14:28,0.11060000,5.46000,b,l
2026-02-05 23:14:45,0.11070000,5.46000,b,l
2026-02-05 23:15:01,0.11060000,5.46000,b,l
2026-02-05 23:15:19,0.11080000,5.46000,b,l
2026-02-05 23:15:36,0.11090000,5.46000,b,l
2026-02-05 23:15:52,0.11100000,5.46000,b,l
2026-02-05 23:16:07,0.11060000,76013.92914,s,l
2026-02-05 23:16:08,0.11060000,45797.68681,s,l
2026-02-05 23:16:11,0.11080000,5.46000,b,l
2026-02-05 23:16:13,0.11060000,62039.70808,s,l
2026-02-05 23:16:13,0.11060000,6022.09360,s,l
2026-02-05 23:16:27,0.11030000,5.46000,b,l
2026-02-05 23:16:44,0.11030000,5.46000,b,l
2026-02-05 23:17:00,0.11030000,5.46000,b,l
2026-02-05 23:17:18,0.11050000,5.46000,b,l
2026-02-05 23:17:35,0.11050000,5.46000,b,l
2026-02-05 23:17:52,0.11060000,5.46000,b,l
2026-02-05 23:18:10,0.11050000,5.46000,b,l
2026-02-05 23:18:26,0.11040000,5.46000,b,l
2026-02-05 23:18:43,0.11040000,5.46000,b,l
2026-02-05 23:18:59,0.11040000,5.46000,b,l
2026-02-05 23:19:17,0.11030000,5.46000,b,l
2026-02-05 23:19:33,0.11040000,5.46000,b,l
2026-02-05 23:19:50,0.11030000,5.46000,b,l
2026-02-05 23:20:08,0.11010000,5.46000,b,l
2026-02-05 23:20:25,0.10990000,5.46000,b,l
2026-02-05 23:20:41,0.10990000,5.46000,b,l
2026-02-05 23:20:58,0.10990000,5.46000,b,l
2026-02-05 23:21:16,0.10970000,5.46000,b,l
2026-02-05 23:21:32,0.10970000,5.46000,b,l
2026-02-05 23:21:49,0.10970000,5.46000,b,l
2026-02-05 23:22:05,0.10950000,5.46000,s,l
2026-02-05 23:22:05,0.10950000,5.46000,b,l
2026-02-05 23:22:24,0.10970000,5.46000,b,l
2026-02-05 23:22:40,0.10960000,5.46000,b,l
2026-02-05 23:22:56,0.10940000,5.98937,s,m
2026-02-05 23:22:57,0.10950000,5.46000,b,l
2026-02-05 23:23:00,0.10950000,9132.42009,b,l
2026-02-05 23:23:15,0.10980000,5.46000,b,l
2026-02-05 23:23:31,0.10960000,5.46000,b,l
2026-02-05 23:23:48,0.10970000,5.46000,b,l
2026-02-05 23:24:04,0.10960000,5.46000,b,l
2026-02-05 23:24:22,0.10960000,5.46000,b,l
2026-02-05 23:24:39,0.10950000,5.46000,b,l
2026-02-05 23:24:56,0.10950000,5.46000,b,l
2026-02-05 23:25:14,0.10950000,5.46000,b,l
2026-02-05 23:25:30,0.10950000,5.46000,b,l
2026-02-05 23:25:47,0.10960000,5.46000,b,l
2026-02-05 23:25:55,0.10960000,3216.50000,b,l
2026-02-05 23:25:58,0.10970000,1283.57147,b,l
2026-02-05 23:26:03,0.10980000,5.46000,b,l
2026-02-05 23:26:21,0.10970000,5.46000,b,l
2026-02-05 23:26:37,0.10970000,5.46000,b,l
2026-02-05 23:26:39,0.10950000,63.06400,s,l
2026-02-05 23:26:54,0.10980000,5.46000,b,l
2026-02-05 23:27:12,0.10980000,5.46000,b,l
2026-02-05 23:27:28,0.10990000,5.46000,b,l
2026-02-05 23:27:45,0.11000000,5.46000,b,l
2026-02-05 23:28:01,0.11000000,5.46000,b,l
2026-02-05 23:28:20,0.11000000,5.46000,b,l
2026-02-05 23:28:36,0.11010000,5.46000,b,l
2026-02-05 23:28:53,0.11010000,5.46000,b,l
2026-02-05 23:29:10,0.11020000,5.46000,b,l
2026-02-05 23:29:27,0.11020000,5.46000,b,l
2026-02-05 23:29:43,0.11030000,5.46000,b,l
2026-02-05 23:30:00,0.11030000,5.46000,b,l
2026-02-05 23:30:19,0.11020000,5.46000,b,l
2026-02-05 23:30:35,0.11030000,5.46000,b,l
2026-02-05 23:30:52,0.11030000,5.46000,b,l
2026-02-05 23:31:09,0.11020000,5.46000,b,l
2026-02-05 23:31:26,0.11040000,5.46000,b,l
2026-02-05 23:31:42,0.11060000,5.46000,b,l
2026-02-05 23:31:59,0.11060000,5.46000,b,l
2026-02-05 23:32:16,0.11060000,5.46000,b,l
2026-02-05 23:32:33,0.11020000,5.46000,b,l
2026-02-05 23:32:49,0.11020000,5.46000,b,l
2026-02-05 23:33:07,0.11000000,5.46000,b,l
2026-02-05 23:33:24,0.11000000,5.46000,b,l
2026-02-05 23:33:40,0.11000000,5.46000,b,l
2026-02-05 23:33:51,0.10990000,36.95360,s,l
2026-02-05 23:33:57,0.10990000,5.46000,b,l
2026-02-05 23:34:14,0.10960000,5.46000,b,l
2026-02-05 23:34:31,0.10960000,5.46000,b,l
2026-02-05 23:34:31,0.10950000,5.46000,s,l
2026-02-05 23:34:42,0.10940000,441.04000,s,l
2026-02-05 23:34:47,0.10950000,5.46000,b,l
2026-02-05 23:35:04,0.10950000,5.46000,b,l
2026-02-05 23:35:12,0.10920000,8500.00000,s,l
2026-02-05 23:35:12,0.10920000,14380.78221,s,l
2026-02-05 23:35:12,0.10920000,1338.53971,s,l
2026-02-05 23:35:12,0.10920000,1117.69500,s,l
2026-02-05 23:35:12,0.10920000,6693.48880,s,l
2026-02-05 23:35:12,0.10920000,22881.26724,s,l
2026-02-05 23:35:12,0.10920000,531.74021,s,l
2026-02-05 23:35:12,0.10910000,49520.36545,s,l
2026-02-05 23:35:12,0.10910000,951.28404,s,l
2026-02-05 23:35:12,0.10910000,5079.61861,s,l
2026-02-05 23:35:13,0.10900000,5.46000,s,l
2026-02-05 23:35:15,0.10890000,1434.37500,s,l
2026-02-05 23:35:16,0.10880000,1434.37500,s,l
2026-02-05 23:35:16,0.10880000,851.94500,s,l
2026-02-05 23:35:16,0.10880000,8339.11089,s,l
2026-02-05 23:35:16,0.10880000,9191.17647,s,l
2026-02-05 23:35:16,0.10880000,385.41085,s,l
2026-02-05 23:35:16,0.10870000,1434.37500,s,l
2026-02-05 23:35:22,0.10890000,5.46010,b,l
2026-02-05 23:35:35,0.10870000,1434.37500,s,l
2026-02-05 23:35:35,0.10860000,30.83749,s,l
2026-02-05 23:35:35,0.10860000,1434.37500,s,l
2026-02-05 23:35:35,0.10860000,372.69547,s,l
2026-02-05 23:35:35,0.10860000,87810.48135,s,l
2026-02-05 23:35:35,0.10850000,1434.37500,s,l
2026-02-05 23:35:35,0.10850000,5822.64080,s,l
2026-02-05 23:35:35,0.10840000,240.74958,s,l
2026-02-05 23:35:35,0.10840000,1434.37500,s,l
2026-02-05 23:35:35,0.10840000,9583.47676,s,l
2026-02-05 23:35:35,0.10840000,4743.67344,s,l
2026-02-05 23:35:35,0.10840000,19005.46000,b,l
2026-02-05 23:35:38,0.10870000,5.46010,b,l
2026-02-05 23:35:39,0.10860000,1434.37500,s,l
2026-02-05 23:35:39,0.10860000,3309.29844,s,l
2026-02-05 23:35:55,0.10870000,5.46000,b,l
2026-02-05 23:36:12,0.10870000,5.46000,b,l
2026-02-05 23:36:29,0.10870000,5.46000,b,l
2026-02-05 23:36:31,0.10870000,418.39879,b,l
2026-02-05 23:36:31,0.10870000,6015.97621,b,l
2026-02-05 23:36:45,0.10870000,5.46000,b,l
2026-02-05 23:37:02,0.10880000,5.46000,b,l
2026-02-05 23:37:20,0.10860000,5.46000,b,l
2026-02-05 23:37:36,0.10860000,5.46000,b,l
2026-02-05 23:37:53,0.10860000,5.46000,b,l
2026-02-05 23:38:11,0.10880000,5.46000,b,l
2026-02-05 23:38:27,0.10870000,5.46000,b,l
2026-02-05 23:38:44,0.10860000,5.46000,b,l
2026-02-05 23:39:01,0.10880000,5.46000,b,l
2026-02-05 23:39:19,0.10880000,5.46000,b,l
2026-02-05 23:39:30,0.10880000,647.51200,b,l
2026-02-05 23:40:22,0.10820000,5.98937,s,m
2026-02-05 23:40:26,0.10830000,1017.02300,b,l
2026-02-05 23:41:30,0.10850000,5.46000,b,l
2026-02-05 23:41:47,0.10840000,5.46000,b,l
2026-02-05 23:41:49,0.10830000,9231.00005,s,l
2026-02-05 23:41:49,0.10830000,5768.99995,s,l
2026-02-05 23:41:49,0.10830000,3463.31425,s,l
2026-02-05 23:41:49,0.10830000,23083.82685,s,l
2026-02-05 23:41:55,0.10810000,73.86888,b,m
2026-02-05 23:42:04,0.10820000,5.46000,b,l
2026-02-05 23:42:22,0.10810000,5.46000,b,l
2026-02-05 23:42:38,0.10820000,5.46000,b,l
2026-02-05 23:42:55,0.10820000,5.46000,b,l
2026-02-05 23:43:12,0.10810000,4184.05800,s,l
2026-02-05 23:43:13,0.10830000,5.46000,b,l
2026-02-05 23:43:30,0.10830000,5.46000,b,l
2026-02-05 23:43:46,0.10810000,5.46000,b,l
2026-02-05 23:44:03,0.10820000,5.46000,b,l
2026-02-05 23:44:35,0.10820000,5.46000,b,l
2026-02-05 23:45:11,0.10820000,5.46000,b,l
2026-02-05 23:48:41,0.10790000,65.95563,s,l
2026-02-05 23:48:41,0.10790000,37.07127,s,l
2026-02-05 23:48:42,0.10770000,1434.37500,s,l
2026-02-05 23:48:42,0.10770000,2849.42146,s,l
2026-02-05 23:48:42,0.10770000,320.25511,s,l
2026-02-05 23:49:13,0.10840000,9232.93920,b,l
2026-02-05 23:51:34,0.10820000,2758.43490,s,l
2026-02-05 23:51:34,0.10820000,90.98656,s,l
2026-02-05 23:51:34,0.10820000,6273.09114,s,l
2026-02-05 23:51:35,0.10820000,2969.05303,s,l
2026-02-05 23:52:41,0.10760000,5040.01780,s,l
2026-02-05 23:52:47,0.10730000,1434.37500,s,l
2026-02-05 23:55:45,0.10730000,561.95560,s,m
2026-02-05 23:57:13,0.10760000,129.99000,s,l
2026-02-05 23:59:46,0.10750000,5.46000,b,l
2026-02-05 23:59:58,0.10750000,1434.37500,s,l
2026-02-05 23:59:58,0.10750000,684.88078,s,l
2026-02-06 00:00:02,0.10760000,5.46000,b,l
2026-02-06 00:00:41,0.10790000,8500.00000,b,l
2026-02-06 00:00:41,0.10790000,767.84050,b,l
2026-02-06 00:01:25,0.10830000,5.46000,b,l
2026-02-06 00:01:56,0.10770000,5.46000,b,l
2026-02-06 00:02:27,0.10750000,5.46000,b,l
2026-02-06 00:02:57,0.10730000,5.46000,b,l
2026-02-06 00:03:04,0.10700000,93.22500,b,l
2026-02-06 00:03:10,0.10690000,30.84766,s,l
2026-02-06 00:03:10,0.10690000,1434.37500,s,l
2026-02-06 00:03:12,0.10670000,240.82240,s,l
2026-02-06 00:03:14,0.10650000,73.86888,s,m
2026-02-06 00:03:16,0.10650000,2926.13112,s,l
2026-02-06 00:03:24,0.10630000,350.86525,b,l
2026-02-06 00:03:24,0.10630000,7381.29425,b,l
2026-02-06 00:03:24,0.10630000,2033.97730,b,l
2026-02-06 00:03:28,0.10650000,5.46000,b,l
2026-02-06 00:04:04,0.10750000,5.46000,b,l
2026-02-06 00:04:10,0.10740000,5.99660,b,m
2026-02-06 00:04:43,0.10730000,5.45970,b,l
2026-02-06 00:05:09,0.10700000,6706.84510,b,l
2026-02-06 00:05:43,0.10600000,1000.00000,s,l
2026-02-06 00:05:45,0.10600000,5.45970,b,l
2026-02-06 00:05:52,0.10570000,333.36530,s,l
2026-02-06 00:06:11,0.10580000,220.39920,s,l
2026-02-06 00:06:17,0.10550000,2332.48300,s,l
2026-02-06 00:06:17,0.10550000,2667.51700,s,l
2026-02-06 00:06:35,0.10580000,5.46000,b,l
2026-02-06 00:06:52,0.10570000,228.52000,s,l
2026-02-06 00:06:56,0.10620000,343.37162,b,l
2026-02-06 00:06:56,0.10620000,3324.14538,b,l
2026-02-06 00:06:56,0.10620000,2424.53350,b,l
2026-02-06 00:07:18,0.10640000,5.46000,b,l
2026-02-06 00:07:35,0.10670000,5.46000,b,l
2026-02-06 00:08:14,0.10630000,9398.96757,s,l
2026-02-06 00:08:14,0.10630000,4807.77863,s,l
2026-02-06 00:08:24,0.10640000,5.88755,b,m
2026-02-06 00:08:26,0.10620000,1195.98920,s,l
2026-02-06 00:08:27,0.10620000,1262.75920,s,l
2026-02-06 00:08:39,0.10620000,1265.66860,s,l
2026-02-06 00:09:00,0.10600000,1377.61410,s,l
2026-02-06 00:09:07,0.10580000,5.46000,b,l
2026-02-06 00:09:14,0.10520000,30.85810,s,l
2026-02-06 00:09:17,0.10510000,2411.77750,s,l
2026-02-06 00:09:17,0.10510000,482.17811,s,l
2026-02-06 00:09:19,0.10500000,20.00000,s,l
2026-02-06 00:09:19,0.10500000,100.00000,s,l
2026-02-06 00:09:19,0.10500000,1859.95090,s,l
2026-02-06 00:09:38,0.10580000,4200.00000,b,l
2026-02-06 00:09:42,0.10590000,5.46000,b,l
2026-02-06 00:10:11,0.10640000,5.78086,b,m
2026-02-06 00:10:20,0.10580000,4200.00000,s,l
2026-02-06 00:10:20,0.10580000,1284.09360,s,l
2026-02-06 00:10:20,0.10580000,3960.19671,s,l
2026-02-06 00:10:20,0.10580000,488.15348,s,l
2026-02-06 00:10:39,0.10540000,5.46000,b,l
2026-02-06 00:10:55,0.10560000,5.46000,b,l
2026-02-06 00:11:14,0.10520000,5.46000,b,l
2026-02-06 00:11:27,0.10470000,1272.02600,b,l
2026-02-06 00:11:54,0.10490000,4962.70497,s,l
2026-02-06 00:12:01,0.10460000,174.28170,s,l
2026-02-06 00:12:04,0.10430000,2849.42146,b,l
2026-02-06 00:12:06,0.10460000,558.64790,b,l
2026-02-06 00:12:06,0.10480000,729.75810,b,l
2026-02-06 00:12:14,0.10480000,190.07450,s,l
2026-02-06 00:12:14,0.10480000,1434.37500,s,l
2026-02-06 00:12:14,0.10480000,3338.25547,s,l
2026-02-06 00:12:16,0.10520000,363.62999,b,m
2026-02-06 00:12:16,0.10520000,1407.60093,b,m
2026-02-06 00:12:52,0.10470000,90.05340,s,l
2026-02-06 00:12:59,0.10450000,1358.95087,s,l
2026-02-06 00:13:03,0.10440000,45.24526,s,l
2026-02-06 00:13:05,0.10460000,455.27720,b,l
2026-02-06 00:13:09,0.10440000,53.97218,s,l
2026-02-06 00:13:09,0.10430000,51.02470,s,l
2026-02-06 00:13:09,0.10420000,4998.36880,s,l
2026-02-06 00:13:14,0.10420000,42.36070,s,l
2026-02-06 00:13:14,0.10410000,35.07000,s,l
2026-02-06 00:13:14,0.10400000,4493.20016,s,l
2026-02-06 00:13:14,0.10400000,314.49210,s,l
2026-02-06 00:13:17,0.10390000,1337.25673,s,l
2026-02-06 00:13:17,0.10380000,24.65203,s,l
2026-02-06 00:13:17,0.10370000,1434.37500,s,l
2026-02-06 00:13:17,0.10370000,565.21419,s,l
2026-02-06 00:13:17,0.10360000,2096.07992,s,l
2026-02-06 00:13:17,0.10360000,2157.69899,s,l
2026-02-06 00:13:17,0.10360000,2610.11280,s,l
2026-02-06 00:13:17,0.10360000,1496.28250,s,l
2026-02-06 00:13:17,0.10360000,8500.00000,s,l
2026-02-06 00:13:17,0.10360000,1434.05420,s,l
2026-02-06 00:13:17,0.10360000,1496.28250,s,l
2026-02-06 00:13:17,0.10360000,987.78960,s,l
2026-02-06 00:13:17,0.10360000,1434.05420,s,l
2026-02-06 00:13:17,0.10360000,13.36680,s,l
2026-02-06 00:13:18,0.10350000,1420.21346,s,l
2026-02-06 00:13:18,0.10340000,21.71277,s,l
2026-02-06 00:13:18,0.10320000,694.00000,s,l
2026-02-06 00:13:18,0.10320000,484.00000,s,l
2026-02-06 00:13:19,0.10310000,341.77223,s,l
2026-02-06 00:13:19,0.10310000,142.22777,s,l
2026-02-06 00:13:19,0.10310000,2644.67310,s,l
2026-02-06 00:13:19,0.10300000,26.21654,s,l
2026-02-06 00:13:19,0.10290000,220.78346,s,l
2026-02-06 00:13:19,0.10290000,1213.59154,s,m
2026-02-06 00:13:19,0.10280000,191.07526,s,m
2026-02-06 00:13:19,0.10280000,1434.37500,s,m
2026-02-06 00:13:19,0.10270000,1434.37500,s,m
2026-02-06 00:13:19,0.10260000,1434.37500,s,m
2026-02-06 00:13:19,0.10260000,2404.79909,s,m
2026-02-06 00:13:19,0.10250000,9756.09756,s,m
2026-02-06 00:13:19,0.10250000,1434.37500,s,m
2026-02-06 00:13:19,0.10240000,1434.37500,s,m
2026-02-06 00:13:19,0.10240000,14145.00000,s,m
2026-02-06 00:13:19,0.10230000,1434.37500,s,m
2026-02-06 00:13:19,0.10230000,1000.00000,s,m
2026-02-06 00:13:19,0.10220000,1434.37500,s,m
2026-02-06 00:13:19,0.10220000,97.84217,s,m
2026-02-06 00:13:19,0.10220000,32201.09068,s,m
2026-02-06 00:13:19,0.10220000,27393.78555,s,m
2026-02-06 00:13:19,0.10220000,26556.09315,s,m
2026-02-06 00:13:19,0.10290000,25.09152,s,l
2026-02-06 00:13:19,0.10290000,433.28133,s,l
2026-02-06 00:13:20,0.10300000,5588.37660,b,l
2026-02-06 00:13:20,0.10300000,851.84150,b,l
2026-02-06 00:13:20,0.10300000,6440.21810,b,l
2026-02-06 00:13:21,0.10310000,764.08900,b,l
2026-02-06 00:13:21,0.10310000,4714.66811,b,l
2026-02-06 00:13:21,0.10310000,5311.21863,b,l
2026-02-06 00:13:21,0.10310000,764.08896,b,l
2026-02-06 00:13:21,0.10310000,4714.66815,b,l
2026-02-06 00:13:21,0.10310000,2271.33513,b,l
2026-02-06 00:13:21,0.10310000,3039.88346,b,l
2026-02-06 00:13:21,0.10310000,2271.33510,b,l
2026-02-06 00:13:21,0.10310000,2438.87369,b,l
2026-02-06 00:13:21,0.10310000,768.54832,b,l
2026-02-06 00:13:21,0.10310000,5311.21863,b,l
2026-02-06 00:13:21,0.10310000,2271.33510,b,l
2026-02-06 00:13:21,0.10310000,2438.87370,b,l
2026-02-06 00:13:21,0.10310000,768.54831,b,l
2026-02-06 00:13:21,0.10310000,5311.21863,b,l
2026-02-06 00:13:21,0.10310000,2438.87370,b,l
2026-02-06 00:13:21,0.10310000,2271.33510,b,l
2026-02-06 00:13:21,0.10310000,768.54831,b,l
2026-02-06 00:13:21,0.10310000,5311.21863,b,l
2026-02-06 00:13:21,0.10320000,590.10818,b,l
2026-02-06 00:13:23,0.10290000,1434.37500,s,l
2026-02-06 00:13:23,0.10280000,8580.06772,s,l
2026-02-06 00:13:23,0.10280000,335.65533,s,l
2026-02-06 00:13:23,0.10280000,902.50875,s,l
2026-02-06 00:13:23,0.10270000,689.40910,s,l
2026-02-06 00:13:27,0.10260000,8500.00000,s,l
2026-02-06 00:13:27,0.10260000,1623.36110,s,l
2026-02-06 00:13:27,0.10260000,7514.26860,s,l
2026-02-06 00:13:27,0.10260000,985.73140,s,l
2026-02-06 00:13:27,0.10260000,5725.78953,s,l
2026-02-06 00:13:27,0.10260000,2774.21047,s,l
2026-02-06 00:13:27,0.10270000,6440.21810,b,l
2026-02-06 00:13:27,0.10290000,1434.37500,b,l
2026-02-06 00:13:27,0.10290000,5268.39800,b,l
2026-02-06 00:13:28,0.10290000,1171.82010,b,l
2026-02-06 00:13:28,0.10290000,5268.39800,b,l
2026-02-06 00:13:28,0.10290000,1171.82010,b,l
2026-02-06 00:13:30,0.10260000,645.00000,s,l
2026-02-06 00:13:30,0.10250000,645.00000,s,l
2026-02-06 00:13:30,0.10250000,645.00000,s,l
2026-02-06 00:13:30,0.10240000,348.89077,s,l
2026-02-06 00:13:30,0.10230000,296.10923,s,l
2026-02-06 00:13:31,0.10230000,1645.48712,s,l
2026-02-06 00:13:32,0.10210000,1410.81253,s,l
2026-02-06 00:13:32,0.10210000,577.65687,s,l
2026-02-06 00:13:35,0.10200000,1342.35290,s,l
2026-02-06 00:13:36,0.10240000,0.00018,b,l
2026-02-06 00:13:42,0.10240000,299.23588,s,l
2026-02-06 00:13:46,0.10300000,1434.37500,b,m
2026-02-06 00:13:46,0.10300000,2366.40000,b,m
2026-02-06 00:13:46,0.10310000,1434.37500,b,m
2026-02-06 00:13:46,0.10310000,97.83765,b,m
2026-02-06 00:13:46,0.10310000,4866.72000,b,m
2026-02-06 00:13:46,0.10310000,4608.33622,b,m
2026-02-06 00:13:51,0.10230000,429.17353,b,l
2026-02-06 00:13:52,0.10230000,24.64620,s,l
2026-02-06 00:13:53,0.10230000,24.64620,s,l
2026-02-06 00:13:53,0.10230000,24.64620,s,l
2026-02-06 00:13:54,0.10230000,24.64620,s,l
2026-02-06 00:13:56,0.10250000,359.89832,b,l
2026-02-06 00:14:01,0.10190000,483.98880,s,l
2026-02-06 00:14:02,0.10190000,1681.38690,s,l
2026-02-06 00:14:03,0.10150000,147.78325,s,l
2026-02-06 00:14:03,0.10150000,8228.34395,s,l
2026-02-06 00:14:03,0.10150000,1614.54227,s,l
2026-02-06 00:14:03,0.10150000,875.67343,s,l
2026-02-06 00:14:03,0.10150000,4380.43620,s,l
2026-02-06 00:14:03,0.10150000,4590.82404,s,l
2026-02-06 00:14:03,0.10150000,621.74058,s,l
2026-02-06 00:14:03,0.10150000,3287.43538,s,l
2026-02-06 00:14:03,0.10150000,8500.00000,s,l
2026-02-06 00:14:03,0.10150000,2121.74210,s,l
2026-02-06 00:14:03,0.10150000,6825.73840,s,l
2026-02-06 00:14:03,0.10150000,1674.26160,s,l
2026-02-06 00:14:03,0.10150000,1187.36300,s,l
2026-02-06 00:14:04,0.10110000,1000.00000,s,l
2026-02-06 00:14:05,0.10090000,450.00000,s,l
2026-02-06 00:14:05,0.10090000,645.00000,s,l
2026-02-06 00:14:05,0.10090000,1248.62230,s,l
2026-02-06 00:14:05,0.10070000,561.00000,s,l
2026-02-06 00:14:05,0.10080000,561.00000,s,l
2026-02-06 00:14:05,0.10110000,1353.75400,b,l
2026-02-06 00:14:05,0.10080000,4917.32804,s,l
2026-02-06 00:14:06,0.10080000,29.13759,s,l
2026-02-06 00:14:06,0.10080000,27.94526,s,l
2026-02-06 00:14:06,0.10050000,350.61410,s,l
2026-02-06 00:14:06,0.10050000,433.72530,s,l
2026-02-06 00:14:07,0.10000000,200.00000,s,l
2026-02-06 00:14:07,0.10000000,100.00000,s,l
2026-02-06 00:14:07,0.10000000,100.00000,s,l
2026-02-06 00:14:07,0.10000000,99.00000,s,l
2026-02-06 00:14:07,0.10000000,701.00000,s,l
2026-02-06 00:14:07,0.10000000,20.00000,s,l
2026-02-06 00:14:07,0.10000000,1000.00000,s,l
2026-02-06 00:14:07,0.10000000,250.00000,s,l
2026-02-06 00:14:07,0.10000000,100.00000,s,l
2026-02-06 00:14:07,0.10000000,20.00000,s,l
2026-02-06 00:14:07,0.09980000,157.00000,s,l
2026-02-06 00:14:07,0.09990000,3928.95290,s,l
2026-02-06 00:14:07,0.09980000,900.00000,s,m
2026-02-06 00:14:07,0.09980000,352.00000,s,l
2026-02-06 00:14:08,0.09970000,594.47099,s,l
2026-02-06 00:14:08,0.09970000,7627.11216,b,l
2026-02-06 00:14:08,0.09970000,37758.77909,b,l
2026-02-06 00:14:08,0.09990000,1434.37500,b,l
2026-02-06 00:14:08,0.10000000,1356.90323,s,l
2026-02-06 00:14:08,0.10020000,9.96810,b,l
2026-02-06 00:14:08,0.10020000,219.93370,b,l
2026-02-06 00:14:08,0.10010000,1430.99985,s,l
2026-02-06 00:14:08,0.10030000,25.07300,s,l
2026-02-06 00:14:08,0.10000000,77.47177,s,l
2026-02-06 00:14:08,0.10000000,1434.37500,s,l
2026-02-06 00:14:10,0.10070000,1434.37500,b,l
2026-02-06 00:14:10,0.10070000,41.97474,s,m
2026-02-06 00:14:10,0.10030000,1434.37500,s,m
2026-02-06 00:14:10,0.10020000,216.49142,s,m
2026-02-06 00:14:11,0.10090000,41.97470,s,l
2026-02-06 00:14:11,0.10070000,1434.37500,b,l
2026-02-06 00:14:11,0.10070000,1434.37500,b,l
2026-02-06 00:14:11,0.10090000,708.99731,b,l
2026-02-06 00:14:11,0.10100000,41.97474,s,l
2026-02-06 00:14:12,0.10110000,40.63973,s,l
2026-02-06 00:14:12,0.10110000,1434.37500,s,l
2026-02-06 00:14:13,0.10110000,40.63970,s,l
2026-02-06 00:14:13,0.10110000,40.63973,s,l
2026-02-06 00:14:13,0.10120000,40.63970,s,l
2026-02-06 00:14:14,0.10130000,1434.37500,s,l
2026-02-06 00:14:14,0.10130000,1434.37500,s,l
2026-02-06 00:14:14,0.10150000,7832.98090,b,l
2026-02-06 00:14:14,0.10150000,6734.01910,b,l
2026-02-06 00:14:14,0.10120000,40.63973,s,l
2026-02-06 00:14:14,0.10120000,27.68080,s,l
2026-02-06 00:14:14,0.10120000,40.63973,s,l
2026-02-06 00:14:15,0.10110000,36.73390,s,l
2026-02-06 00:14:15,0.10110000,36.84730,s,l
2026-02-06 00:14:15,0.10080000,23903.96760,s,l
2026-02-06 00:14:15,0.10100000,34.67110,s,l
2026-02-06 00:14:16,0.10060000,540.18700,s,l
2026-02-06 00:14:16,0.10050000,27.94800,s,l
2026-02-06 00:14:16,0.10040000,31.69078,s,l
2026-02-06 00:14:16,0.10040000,36.84730,s,l
2026-02-06 00:14:17,0.10040000,36.84730,s,l
2026-02-06 00:14:17,0.10000000,1434.37500,s,l
2026-02-06 00:14:17,0.10000000,5000.00000,s,l
2026-02-06 00:14:17,0.09980000,31.04590,s,l
2026-02-06 00:14:18,0.09970000,28.45600,s,l
2026-02-06 00:14:18,0.09980000,39.04525,s,l
2026-02-06 00:14:18,0.09980000,505.78316,s,l
2026-02-06 00:14:18,0.09990000,1434.37500,s,l
2026-02-06 00:14:18,0.09990000,28.87091,s,l
2026-02-06 00:14:18,0.09990000,1434.37500,s,l
2026-02-06 00:14:18,0.09980000,928.59184,s,l
2026-02-06 00:14:18,0.09980000,3858.37585,s,l
2026-02-06 00:14:19,0.10010000,46106.23169,b,l
2026-02-06 00:14:19,0.10010000,230.53116,s,l
2026-02-06 00:14:19,0.10030000,39.04520,s,l
2026-02-06 00:14:19,0.10030000,18809.71339,b,l
2026-02-06 00:14:19,0.10030000,23011.21452,b,l
2026-02-06 00:14:19,0.10030000,27340.33251,b,l
2026-02-06 00:14:19,0.10040000,1434.37500,b,l
2026-02-06 00:14:20,0.10030000,39.04525,s,l
2026-02-06 00:14:20,0.10040000,39.04520,s,l
2026-02-06 00:14:21,0.10040000,39051.42058,b,l
2026-02-06 00:14:21,0.10040000,30109.83984,b,l
2026-02-06 00:14:21,0.10050000,50.49894,s,l
2026-02-06 00:14:21,0.10010000,1434.37500,s,l
2026-02-06 00:14:21,0.10010000,5837.70000,s,l
2026-02-06 00:14:22,0.10070000,1434.37500,b,l
2026-02-06 00:14:22,0.10080000,277.00000,b,l
2026-02-06 00:14:22,0.10080000,23327.97011,b,l
2026-02-06 00:14:22,0.10080000,20053.40240,b,l
2026-02-06 00:14:22,0.10080000,25502.88791,b,l
2026-02-06 00:14:22,0.10090000,50.49894,s,l
2026-02-06 00:14:22,0.10090000,50.49890,s,l
2026-02-06 00:14:23,0.10110000,50.49890,s,l
2026-02-06 00:14:23,0.10120000,50.49890,s,l
2026-02-06 00:14:24,0.10100000,2156.55970,s,l
2026-02-06 00:14:24,0.10100000,1434.37500,s,l
2026-02-06 00:14:24,0.10100000,6310.05539,s,l
2026-02-06 00:14:24,0.10100000,2189.94461,s,l
2026-02-06 00:14:24,0.10100000,8500.00000,s,l
2026-02-06 00:14:24,0.10100000,14062.53063,s,l
2026-02-06 00:14:24,0.10100000,1171.48847,s,l
2026-02-06 00:14:24,0.10100000,8500.00000,s,l
2026-02-06 00:14:24,0.10100000,229.50160,s,l
2026-02-06 00:14:24,0.10130000,50.70860,s,l
2026-02-06 00:14:24,0.10130000,50.70860,s,l
2026-02-06 00:14:24,0.10130000,50.70860,s,l
2026-02-06 00:14:25,0.10130000,25.35430,s,l
2026-02-06 00:14:25,0.10130000,15.84650,s,l
2026-02-06 00:14:25,0.10130000,9.50786,s,l
2026-02-06 00:14:25,0.10110000,1424.86714,s,l
2026-02-06 00:14:26,0.10110000,60000.00000,s,l
2026-02-06 00:14:26,0.10110000,8409.50758,s,l
2026-02-06 00:14:26,0.10110000,9890.11761,s,l
2026-02-06 00:14:26,0.10120000,50.70860,s,l
2026-02-06 00:14:27,0.10100000,38.48060,s,l
2026-02-06 00:14:27,0.10090000,40.23530,s,l
2026-02-06 00:14:28,0.10090000,40.23530,s,l
2026-02-06 00:14:28,0.10080000,40.23530,s,l
2026-02-06 00:14:29,0.10070000,28.48600,s,l
2026-02-06 00:14:30,0.10050000,946.00028,s,m
2026-02-06 00:14:31,0.10060000,22.43680,s,l
2026-02-06 00:14:31,0.10060000,125.47420,s,l
2026-02-06 00:14:31,0.10080000,31.33215,s,l
2026-02-06 00:14:32,0.10070000,31.33215,s,l
2026-02-06 00:14:32,0.10080000,31.33215,s,l
2026-02-06 00:14:32,0.10050000,297.74009,s,l
2026-02-06 00:14:33,0.10090000,229.50160,b,l
2026-02-06 00:14:33,0.10090000,2216.23010,b,l
2026-02-06 00:14:33,0.10100000,22.10631,s,l
2026-02-06 00:14:33,0.10100000,22.10630,s,l
2026-02-06 00:14:34,0.10080000,22.10630,s,l
2026-02-06 00:14:34,0.10080000,21.64814,s,l
2026-02-06 00:14:35,0.10080000,1434.37500,b,l
2026-02-06 00:14:35,0.10080000,21.91140,s,l
2026-02-06 00:14:35,0.10080000,1434.37500,b,l
2026-02-06 00:14:35,0.10080000,21.88700,s,l
2026-02-06 00:14:35,0.10030000,22.10630,s,l
2026-02-06 00:14:36,0.10000000,1434.37500,b,l
2026-02-06 00:14:36,0.10000000,1434.37500,b,l
2026-02-06 00:14:37,0.10000000,1434.37500,b,l
2026-02-06 00:14:37,0.10000000,1434.37500,b,l
2026-02-06 00:14:37,0.10010000,1434.37500,b,l
2026-02-06 00:14:37,0.10010000,621.40513,b,l
2026-02-06 00:14:37,0.09990000,1434.37500,s,l
2026-02-06 00:14:37,0.09990000,23123.84074,b,l
2026-02-06 00:14:39,0.09980000,50.15000,b,l
2026-02-06 00:14:39,0.09950000,610.07408,s,l
2026-02-06 00:14:39,0.09930000,712.51292,s,l
2026-02-06 00:14:39,0.09910000,539.00000,s,l
2026-02-06 00:14:39,0.09910000,100.53225,s,l
2026-02-06 00:14:39,0.09910000,10090.22655,s,l
2026-02-06 00:14:40,0.09900000,202.02020,s,l
2026-02-06 00:14:40,0.09880000,914.44371,s,l
2026-02-06 00:14:40,0.09930000,991.72700,b,l
2026-02-06 00:14:40,0.09930000,396.69100,b,l
2026-02-06 00:14:41,0.09840000,200.00000,s,m
2026-02-06 00:14:41,0.09840000,300.00000,s,m
2026-02-06 00:14:41,0.09840000,1500.00000,s,m
2026-02-06 00:14:41,0.09840000,2000.00000,s,m
2026-02-06 00:14:41,0.09890000,1434.37500,b,l
2026-02-06 00:14:42,0.09810000,1434.37500,s,l
2026-02-06 00:14:42,0.09800000,359.55834,s,l
2026-02-06 00:14:42,0.09800000,20.00000,s,l
2026-02-06 00:14:42,0.09800000,17144.68397,s,l
2026-02-06 00:14:42,0.09810000,2767.60000,s,l
2026-02-06 00:14:42,0.09800000,439.08027,s,l
2026-02-06 00:14:43,0.09870000,4782.48166,b,l
2026-02-06 00:14:43,0.09870000,272.19434,b,l
2026-02-06 00:14:44,0.09790000,1434.37500,s,l
2026-02-06 00:14:44,0.09790000,17601.94669,s,l
2026-02-06 00:14:44,0.09790000,13655.45001,s,l
2026-02-06 00:14:44,0.09790000,13780.87013,s,l
2026-02-06 00:14:44,0.09780000,227.00000,s,l
2026-02-06 00:14:44,0.09780000,13425.39477,s,l
2026-02-06 00:14:44,0.09780000,13874.70589,s,l
2026-02-06 00:14:44,0.09750000,180.60208,s,l
2026-02-06 00:14:44,0.09750000,10253.32523,s,l
2026-02-06 00:14:44,0.09750000,10255.74120,s,l
2026-02-06 00:14:44,0.09740000,5.20000,s,l
2026-02-06 00:14:44,0.09740000,222.19800,s,l
2026-02-06 00:14:44,0.09730000,449.00000,s,l
2026-02-06 00:14:44,0.09730000,227.39792,s,l
2026-02-06 00:14:44,0.09730000,971.00000,s,l
2026-02-06 00:14:45,0.09830000,5268.38275,s,l
2026-02-06 00:14:45,0.09830000,1434.37500,s,l
2026-02-06 00:14:46,0.09780000,820.70000,s,l
2026-02-06 00:14:46,0.09870000,561.38160,b,l
2026-02-06 00:14:48,0.09900000,1434.37500,s,l
2026-02-06 00:14:48,0.09890000,1434.37500,s,l
2026-02-06 00:14:48,0.09890000,2336.89023,s,l
2026-02-06 00:14:49,0.09920000,405.16170,b,l
2026-02-06 00:14:50,0.10040000,2538.96184,b,l
2026-02-06 00:14:50,0.10060000,1332.97116,b,l
2026-02-06 00:14:50,0.10060000,1434.37500,b,l
2026-02-06 00:14:50,0.10060000,1434.37500,b,l
2026-02-06 00:14:51,0.10050000,5033.65000,s,l
2026-02-06 00:14:51,0.10060000,1434.37500,b,l
2026-02-06 00:14:51,0.10060000,9938.91570,s,l
2026-02-06 00:14:51,0.10060000,1434.37500,b,l
2026-02-06 00:14:51,0.10070000,227.00000,b,l
2026-02-06 00:14:51,0.10070000,13425.39477,b,l
2026-02-06 00:14:51,0.10070000,13874.70589,b,l
2026-02-06 00:14:51,0.10070000,1434.37500,b,l
2026-02-06 00:14:51,0.10080000,17601.94669,b,l
2026-02-06 00:14:51,0.10080000,4117.77772,b,l
2026-02-06 00:14:51,0.10040000,5033.65000,s,l
2026-02-06 00:14:52,0.09970000,147.17000,s,l
2026-02-06 00:14:53,0.09950000,1434.37500,s,l
2026-02-06 00:14:53,0.09950000,645.00000,s,l
2026-02-06 00:15:04,0.10040000,5519.24680,b,l
2026-02-06 00:15:04,0.10040000,8500.00000,b,l
2026-02-06 00:15:04,0.10040000,8500.00000,b,l
2026-02-06 00:15:04,0.10040000,1142.75320,b,l
2026-02-06 00:15:05,0.10070000,611.23680,b,l
2026-02-06 00:15:05,0.10080000,9537.67229,b,l
2026-02-06 00:15:05,0.10080000,13780.87011,b,l
2026-02-06 00:15:06,0.10090000,2424.63870,b,l
2026-02-06 00:15:06,0.10090000,14720.04527,b,l
2026-02-06 00:15:06,0.10090000,439.08027,b,l
2026-02-06 00:15:10,0.10120000,2046.75443,b,l
2026-02-06 00:15:10,0.10120000,358.83922,b,l
2026-02-06 00:15:10,0.10120000,503.85365,b,l
2026-02-06 00:15:11,0.10130000,4402.15760,b,l
2026-02-06 00:15:12,0.10100000,296.51312,s,l
2026-02-06 00:15:14,0.10070000,861.76265,s,l
2026-02-06 00:15:15,0.10040000,296.51310,s,l
2026-02-06 00:15:15,0.10040000,105.15043,s,l
2026-02-06 00:15:15,0.10040000,9955.40741,s,l
2026-02-06 00:15:17,0.10030000,482.01740,s,l
2026-02-06 00:15:18,0.10010000,1999.31240,s,l
2026-02-06 00:15:22,0.10000000,1292.00000,b,l
2026-02-06 00:15:35,0.09910000,838.00000,s,l
2026-02-06 00:15:35,0.09910000,504.00000,s,l
2026-02-06 00:15:35,0.09870000,1026.85471,s,l
2026-02-06 00:15:36,0.09950000,272.70000,b,l
2026-02-06 00:15:37,0.09970000,560.41500,b,l
2026-02-06 00:15:43,0.09840000,285.00000,s,l
2026-02-06 00:15:43,0.09850000,285.00000,s,l
2026-02-06 00:15:43,0.09850000,285.00000,s,l
2026-02-06 00:15:43,0.09850000,60.02674,s,l
2026-02-06 00:15:44,0.09820000,104.19337,s,l
2026-02-06 00:15:45,0.09910000,510.83850,b,l
2026-02-06 00:15:47,0.09920000,645.00000,s,l
2026-02-06 00:15:48,0.09920000,23.02852,s,l
2026-02-06 00:15:48,0.09920000,23.02850,s,l
2026-02-06 00:15:49,0.09940000,23.02850,s,l
2026-02-06 00:15:49,0.09930000,23.02850,s,l
2026-02-06 00:15:49,0.09910000,23.02850,s,l
2026-02-06 00:15:49,0.09950000,80.56395,b,m
2026-02-06 00:15:50,0.09940000,23.02850,s,l
2026-02-06 00:15:50,0.09940000,23.02850,s,l
2026-02-06 00:15:50,0.09930000,23.02850,s,l
2026-02-06 00:15:50,0.09930000,23.02850,s,l
2026-02-06 00:15:53,0.09850000,215.00000,s,l
2026-02-06 00:15:53,0.09840000,507.00000,s,l
2026-02-06 00:16:00,0.09980000,634.59960,b,l
2026-02-06 00:16:02,0.10040000,399.58740,b,l
2026-02-06 00:16:11,0.09980000,507.00000,s,l
2026-02-06 00:16:11,0.09970000,123.40769,s,l
2026-02-06 00:16:13,0.09940000,327.00000,s,l
2026-02-06 00:16:15,0.09990000,97.75600,b,l
2026-02-06 00:16:26,0.09850000,461.58370,s,l
2026-02-06 00:16:27,0.09810000,1288.04787,s,l
2026-02-06 00:16:32,0.09830000,509.11390,s,l
2026-02-06 00:16:33,0.09800000,359.55830,s,l
2026-02-06 00:16:33,0.09790000,370.78834,s,l
2026-02-06 00:16:33,0.09790000,370.78834,s,l
2026-02-06 00:16:47,0.09860000,454.65330,s,l
2026-02-06 00:17:01,0.10020000,545.19490,b,l
2026-02-06 00:17:02,0.10050000,2789.55790,b,l
2026-02-06 00:17:08,0.10120000,358.83923,b,l
2026-02-06 00:17:08,0.10120000,387.17507,b,l
2026-02-06 00:17:11,0.10180000,617.12490,b,l
2026-02-06 00:17:13,0.10200000,1868.10539,b,l
2026-02-06 00:17:13,0.10200000,455.57271,b,l
2026-02-06 00:17:14,0.10210000,2862.64450,b,l
2026-02-06 00:17:25,0.10080000,819.69426,s,l
2026-02-06 00:17:25,0.10070000,2601.61393,s,l
2026-02-06 00:17:27,0.10110000,24.08829,s,l
2026-02-06 00:17:28,0.10120000,545.67820,b,l
2026-02-06 00:17:28,0.10120000,24.08829,s,l
2026-02-06 00:17:29,0.10110000,24.08829,s,l
2026-02-06 00:17:32,0.10130000,574.07350,b,l
2026-02-06 00:17:51,0.10100000,9900.99000,b,l
2026-02-06 00:18:01,0.10030000,604.47700,s,l
2026-02-06 00:18:09,0.10010000,619.11090,s,l
2026-02-06 00:18:15,0.10000000,1322.28040,s,l
2026-02-06 00:18:17,0.09970000,632.26040,s,l
2026-02-06 00:18:17,0.09940000,1967.44250,s,l
2026-02-06 00:18:22,0.09920000,564.82280,s,l
2026-02-06 00:18:26,0.09890000,315.87250,s,l
2026-02-06 00:18:26,0.09890000,8490.42619,s,l
2026-02-06 00:18:26,0.09890000,9.57381,s,l
2026-02-06 00:18:26,0.09890000,8500.00000,s,l
2026-02-06 00:18:26,0.09890000,8500.00000,s,l
2026-02-06 00:18:26,0.09890000,627.88043,s,l
2026-02-06 00:18:26,0.09890000,7872.11957,s,l
2026-02-06 00:18:26,0.09890000,2231.16630,s,l
2026-02-06 00:18:42,0.09820000,593.26240,s,l
2026-02-06 00:18:47,0.09910000,50526.18130,s,l
2026-02-06 00:18:47,0.09910000,4415.24600,s,l
2026-02-06 00:18:47,0.09910000,5675.57130,s,l
2026-02-06 00:18:59,0.09890000,80.72653,b,m
2026-02-06 00:19:04,0.09920000,435.65620,s,l
2026-02-06 00:19:19,0.09800000,359.55834,s,l
2026-02-06 00:19:19,0.09800000,3198.09996,s,l
2026-02-06 00:19:26,0.09760000,421.56000,s,l
2026-02-06 00:19:27,0.09730000,8169.87950,s,l
2026-02-06 00:19:27,0.09730000,462.42820,s,l
2026-02-06 00:19:28,0.09700000,710.42770,s,l
2026-02-06 00:19:28,0.09700000,203.61716,b,l
2026-02-06 00:19:29,0.09700000,155.25140,b,l
2026-02-06 00:19:32,0.09700000,1172.85590,b,l
2026-02-06 00:19:32,0.09700000,8500.00000,b,l
2026-02-06 00:19:32,0.09700000,643.79861,b,l
2026-02-06 00:19:32,0.09700000,7856.20139,b,l
2026-02-06 00:19:32,0.09700000,2462.50662,b,l
2026-02-06 00:19:32,0.09700000,6037.49338,b,l
2026-02-06 00:19:32,0.09700000,19749.64857,b,l
2026-02-06 00:19:33,0.09650000,1569.24636,s,l
2026-02-06 00:19:34,0.09610000,260.00000,s,l
2026-02-06 00:19:34,0.09630000,5361.24530,b,l
2026-02-06 00:19:34,0.09640000,10373.44390,b,l
2026-02-06 00:19:38,0.09680000,470.51400,s,l
2026-02-06 00:19:41,0.09660000,428.65230,s,l
2026-02-06 00:19:43,0.09630000,400.67270,s,l
2026-02-06 00:19:44,0.09600000,20.00000,s,l
2026-02-06 00:19:45,0.09560000,7200.16100,s,l
2026-02-06 00:19:45,0.09560000,3679.08870,s,l
2026-02-06 00:19:45,0.09550000,71.11900,s,l
2026-02-06 00:19:47,0.09550000,297.85186,s,l
2026-02-06 00:19:47,0.09530000,80.72007,s,m
2026-02-06 00:19:47,0.09540000,525.00000,s,l
2026-02-06 00:19:47,0.09540000,909.37500,s,l
2026-02-06 00:19:47,0.09530000,525.00000,s,l
2026-02-06 00:19:47,0.09530000,251.00000,s,l
2026-02-06 00:19:47,0.09530000,185.00000,s,l
2026-02-06 00:19:47,0.09530000,473.37500,s,l
2026-02-06 00:19:48,0.09510000,525.00000,s,l
2026-02-06 00:19:48,0.09510000,1678.16283,s,l
2026-02-06 00:19:48,0.09510000,602.83953,s,l
2026-02-06 00:19:48,0.09480000,1293.71199,s,l
2026-02-06 00:19:48,0.09480000,140.66301,s,l
2026-02-06 00:19:49,0.09450000,614.72720,s,l
2026-02-06 00:19:49,0.09450000,30.95802,s,l
2026-02-06 00:19:50,0.09450000,100.00000,b,l
2026-02-06 00:19:50,0.09450000,76.55300,b,l
2026-02-06 00:19:52,0.09530000,367.57280,b,l
2026-02-06 00:19:55,0.09530000,720.01610,s,l
2026-02-06 00:19:55,0.09530000,367.90887,s,l
2026-02-06 00:19:57,0.09470000,1434.37500,s,m
2026-02-06 00:19:57,0.09470000,1119.96804,s,m
2026-02-06 00:19:57,0.09470000,6846.53926,s,m
2026-02-06 00:19:57,0.09470000,599.11770,s,m
2026-02-06 00:19:57,0.09470000,104.30100,s,l
2026-02-06 00:20:01,0.09570000,215.00000,b,l
2026-02-06 00:20:01,0.09590000,1434.37500,b,l
2026-02-06 00:20:02,0.09670000,1434.37500,b,l
2026-02-06 00:20:02,0.09680000,1434.37500,b,l
2026-02-06 00:20:02,0.09680000,2372.48266,b,l
2026-02-06 00:20:02,0.09690000,4204.51734,b,l
2026-02-06 00:20:02,0.09680000,1434.37500,b,l
2026-02-06 00:20:02,0.09690000,26.62500,b,l
2026-02-06 00:20:02,0.09690000,693.00000,b,l
2026-02-06 00:20:02,0.09730000,3561.00000,b,l
2026-02-06 00:20:02,0.09730000,712.00000,b,l
2026-02-06 00:20:02,0.09730000,2627.00000,b,l
2026-02-06 00:20:03,0.09630000,1021.34405,s,l
2026-02-06 00:20:04,0.09680000,38.39280,s,l
2026-02-06 00:20:05,0.09650000,33.74670,s,l
2026-02-06 00:20:06,0.09620000,26.75910,s,l
2026-02-06 00:20:08,0.09580000,32.70490,s,l
2026-02-06 00:20:09,0.09560000,26.02990,s,l
2026-02-06 00:20:09,0.09600000,35.76160,s,l
2026-02-06 00:20:10,0.09580000,29.95830,s,l
2026-02-06 00:20:10,0.09580000,33.90590,s,l
2026-02-06 00:20:11,0.09620000,35.76160,s,l
2026-02-06 00:20:12,0.09630000,1434.37500,b,l
2026-02-06 00:20:12,0.09640000,587.00600,b,l
2026-02-06 00:20:12,0.09600000,37.73087,s,l
2026-02-06 00:20:13,0.09600000,38.14604,s,l
2026-02-06 00:20:14,0.09570000,50.71175,s,l
2026-02-06 00:20:18,0.09530000,61.32743,s,l
2026-02-06 00:20:20,0.09480000,54.69278,s,l
2026-02-06 00:20:21,0.09500000,51.52652,s,l
2026-02-06 00:20:22,0.09530000,3679.08870,b,l
2026-02-06 00:20:22,0.09530000,8500.00000,b,l
2026-02-06 00:20:22,0.09530000,8500.00000,b,l
2026-02-06 00:20:22,0.09530000,5444.91130,b,l
2026-02-06 00:20:22,0.09540000,10998.78960,b,l
2026-02-06 00:20:22,0.09550000,599.39850,b,l
2026-02-06 00:20:22,0.09550000,251.28100,b,l
2026-02-06 00:20:22,0.09550000,10220.77314,b,l
2026-02-06 00:20:23,0.09590000,57.89253,s,l
2026-02-06 00:20:24,0.09580000,57.89253,s,l
2026-02-06 00:20:24,0.09580000,46.54240,s,l
2026-02-06 00:20:28,0.09550000,47.20660,s,l
2026-02-06 00:20:29,0.09520000,37.26792,s,l
2026-02-06 00:20:30,0.09450000,377.81790,s,l
2026-02-06 00:20:30,0.09450000,37.66560,s,l
2026-02-06 00:20:33,0.09600000,5240.29000,s,l
2026-02-06 00:20:34,0.09590000,66.75682,s,l
2026-02-06 00:20:36,0.09640000,2593.40000,b,l
2026-02-06 00:20:36,0.09640000,25942.98170,b,l
2026-02-06 00:20:36,0.09650000,674.22699,b,l
2026-02-06 00:20:36,0.09650000,181.29231,b,l
2026-02-06 00:20:36,0.09630000,49.03859,s,l
2026-02-06 00:20:38,0.09650000,645.62090,b,l
2026-02-06 00:20:43,0.09690000,49.58105,s,l
2026-02-06 00:20:44,0.09690000,49.58105,s,l
2026-02-06 00:20:44,0.09700000,34.32886,s,l
2026-02-06 00:20:46,0.09610000,43.16378,s,l
2026-02-06 00:20:47,0.09610000,43.16378,s,l
2026-02-06 00:20:48,0.09560000,43.16378,s,l
2026-02-06 00:20:50,0.09570000,24.32841,s,l
2026-02-06 00:20:51,0.09600000,479.17530,b,l
2026-02-06 00:20:51,0.09600000,33.00243,s,l
2026-02-06 00:20:52,0.09620000,624.75470,b,l
2026-02-06 00:20:53,0.09660000,21.69536,s,l
2026-02-06 00:20:56,0.09630000,22.48887,s,l
2026-02-06 00:20:57,0.09560000,293.00000,s,l
2026-02-06 00:21:02,0.09710000,479.28680,b,l
2026-02-06 00:21:02,0.09720000,10751.80220,b,l
2026-02-06 00:21:10,0.09750000,397.76240,b,l
2026-02-06 00:21:11,0.09770000,4725.52770,b,l
2026-02-06 00:21:11,0.09770000,791.49040,b,l
2026-02-06 00:21:11,0.09770000,4725.52770,b,l
2026-02-06 00:21:11,0.09760000,1434.37500,s,l
2026-02-06 00:21:11,0.09770000,8500.00000,b,l
2026-02-06 00:21:11,0.09770000,1735.41453,b,l
2026-02-06 00:21:11,0.09770000,1247.56737,b,l
2026-02-06 00:21:11,0.09780000,8500.00000,b,l
2026-02-06 00:21:11,0.09780000,403.80300,b,l
2026-02-06 00:21:15,0.09830000,1434.37500,s,l
2026-02-06 00:21:15,0.09840000,434.10881,b,l
2026-02-06 00:21:15,0.09850000,7662.08820,b,l
2026-02-06 00:21:15,0.09850000,2490.39097,b,l
2026-02-06 00:21:15,0.09850000,10159.35250,b,l
2026-02-06 00:21:19,0.09850000,456.37800,b,l
2026-02-06 00:21:20,0.09860000,368.23291,b,l
2026-02-06 00:21:20,0.09860000,600.72669,b,l
2026-02-06 00:21:21,0.09890000,2924.91900,b,l
2026-02-06 00:21:22,0.09900000,515.97460,b,l
2026-02-06 00:21:31,0.09900000,25.27442,s,l
2026-02-06 00:21:37,0.09910000,32.48947,s,l
2026-02-06 00:21:38,0.09920000,236.64750,b,l
2026-02-06 00:21:39,0.09940000,633.48470,b,l
2026-02-06 00:21:40,0.09930000,31.41115,s,l
2026-02-06 00:21:40,0.09920000,21.84634,s,l
2026-02-06 00:21:42,0.09900000,25.82173,s,l
2026-02-06 00:21:43,0.09880000,29.96292,s,l
2026-02-06 00:21:47,0.09880000,45.72099,s,l
2026-02-06 00:21:52,0.09890000,37.29221,s,l
2026-02-06 00:21:53,0.09890000,43.42657,s,l
2026-02-06 00:21:57,0.09880000,31.38686,s,l
2026-02-06 00:21:58,0.09880000,41164.91340,b,l
2026-02-06 00:21:59,0.09880000,48.35023,s,l
2026-02-06 00:22:01,0.09850000,50.36654,s,l
2026-02-06 00:22:02,0.09870000,50.36650,s,l
2026-02-06 00:22:04,0.09880000,48.61030,s,l
2026-02-06 00:22:06,0.09810000,34.18110,s,l
2026-02-06 00:22:07,0.09790000,37.68980,s,l
2026-02-06 00:22:07,0.09780000,557.40219,s,l
2026-02-06 00:22:07,0.09780000,601.54316,s,l
2026-02-06 00:22:12,0.09780000,571.24491,s,l
2026-02-06 00:22:12,0.09780000,51.66839,s,l
2026-02-06 00:22:16,0.09790000,10214.50459,b,l
2026-02-06 00:22:16,0.09790000,10214.50459,b,l
2026-02-06 00:22:16,0.09790000,25536.26149,b,l
2026-02-06 00:22:16,0.09790000,25536.26143,b,l
2026-02-06 00:22:20,0.09820000,8393.06130,s,l
2026-02-06 00:22:20,0.09820000,1790.23808,s,l
2026-02-06 00:22:20,0.09820000,6709.76192,s,l
2026-02-06 00:22:20,0.09820000,3473.53746,s,l
2026-02-06 00:22:20,0.09820000,17065.18714,s,l
2026-02-06 00:22:20,0.09820000,2990.90230,s,l
2026-02-06 00:22:20,0.09820000,5402.15903,s,l
2026-02-06 00:22:51,0.09840000,179.36981,s,m
2026-02-06 00:23:15,0.09940000,22225.72120,b,l
2026-02-06 00:23:23,0.09830000,433.01880,s,l
2026-02-06 00:24:16,0.09890000,1434.37500,s,l
2026-02-06 00:24:16,0.09890000,10101.84207,s,l
2026-02-06 00:24:16,0.09890000,10103.42774,s,l
2026-02-06 00:24:16,0.09890000,10103.42774,s,l
2026-02-06 00:25:08,0.09810000,161.45420,s,l
2026-02-06 00:25:32,0.09790000,138.71350,s,l
2026-02-06 00:25:49,0.09820000,172.08787,s,l
2026-02-06 00:25:49,0.09820000,7153.84203,s,l
2026-02-06 00:25:49,0.09820000,1194.95340,s,l
2026-02-06 00:25:49,0.09820000,1829.17772,s,l
2026-02-06 00:26:18,0.09940000,30.34969,b,l
2026-02-06 00:26:31,0.09870000,298.37470,s,l
2026-02-06 00:26:32,0.09860000,227.32552,s,l
2026-02-06 00:26:36,0.09850000,358.46323,s,l
2026-02-06 00:26:36,0.09850000,257.83617,s,l
2026-02-06 00:26:47,0.09850000,5.46000,b,l
2026-02-06 00:27:00,0.09850000,233.96160,s,l
2026-02-06 00:27:00,0.09850000,96.56931,s,l
2026-02-06 00:27:00,0.09850000,291.63230,s,l
2026-02-06 00:27:01,0.09840000,329.53210,s,l
2026-02-06 00:27:02,0.09820000,304.56660,s,l
2026-02-06 00:27:17,0.09840000,5.46000,b,l
2026-02-06 00:27:27,0.09910000,5.46000,b,l
2026-02-06 00:27:27,0.09910000,10.07439,b,l
2026-02-06 00:27:27,0.09910000,10.07439,b,l
2026-02-06 00:27:28,0.09910000,81.99798,b,l
2026-02-06 00:27:34,0.09880000,5.46000,b,l
2026-02-06 00:27:40,0.09870000,1434.37500,b,l
2026-02-06 00:27:40,0.09870000,1434.37500,b,l
2026-02-06 00:27:42,0.09870000,202.35600,s,l
2026-02-06 00:27:46,0.09890000,552.16743,b,m
2026-02-06 00:27:46,0.09890000,1434.37500,b,m
2026-02-06 00:27:46,0.09900000,1434.37500,b,m
2026-02-06 00:27:46,0.09910000,1434.37500,b,m
2026-02-06 00:27:46,0.09920000,1434.37500,b,m
2026-02-06 00:27:46,0.09920000,2487.75295,b,m
2026-02-06 00:27:46,0.09930000,1434.37500,b,m
2026-02-06 00:27:46,0.09930000,2849.42146,b,m
2026-02-06 00:27:46,0.09930000,9026.98120,b,m
2026-02-06 00:27:46,0.09940000,1434.37500,b,m
2026-02-06 00:27:46,0.09940000,10510.94891,b,m
2026-02-06 00:27:46,0.09940000,5063.08000,b,m
2026-02-06 00:27:46,0.09940000,30242.00000,b,m
2026-02-06 00:27:46,0.09940000,15322.00000,b,m
2026-02-06 00:27:46,0.09940000,6.50046,b,m
2026-02-06 00:27:46,0.09950000,1434.37500,b,m
2026-02-06 00:27:46,0.09960000,1434.37500,b,m
2026-02-06 00:27:46,0.09970000,6075.70000,b,m
2026-02-06 00:27:46,0.09980000,1434.37500,b,m
2026-02-06 00:27:46,0.09980000,5000.00000,b,m
2026-02-06 00:27:46,0.09990000,1434.37500,b,m
2026-02-06 00:27:46,0.09990000,107.60676,b,m
2026-02-06 00:27:46,0.10000000,1434.37500,b,m
2026-02-06 00:27:46,0.10000000,985.90819,b,m
2026-02-06 00:27:46,0.10000000,2382.76218,b,m
2026-02-06 00:27:46,0.10010000,5000.00000,b,m
2026-02-06 00:27:46,0.10010000,1434.37500,b,m
2026-02-06 00:27:46,0.10020000,1434.37500,b,m
2026-02-06 00:27:46,0.10030000,1434.37500,b,m
2026-02-06 00:27:46,0.10030000,1944.91096,b,m
2026-02-06 00:27:46,0.10040000,1434.37500,b,m
2026-02-06 00:27:46,0.10040000,5926.63450,b,m
2026-02-06 00:27:46,0.09920000,107.60676,b,l
2026-02-06 00:27:51,0.09910000,5.46000,b,l
2026-02-06 00:28:06,0.09930000,384.44825,b,l
2026-02-06 00:28:19,0.09840000,107.60670,s,l
2026-02-06 00:28:20,0.09850000,5.46000,b,l
2026-02-06 00:28:25,0.09810000,998.77675,s,l
2026-02-06 00:28:25,0.09810000,596.99085,s,l
2026-02-06 00:28:27,0.09800000,527.63865,s,l
2026-02-06 00:28:27,0.09790000,117.85900,s,l
2026-02-06 00:28:40,0.09820000,279.84800,s,l
2026-02-06 00:28:57,0.09880000,5.46000,b,l
2026-02-06 00:29:03,0.09910000,107.60670,b,l
2026-02-06 00:29:34,0.09930000,996.27980,b,l
2026-02-06 00:29:38,0.09980000,622.41310,b,l
2026-02-06 00:29:40,0.09960000,1434.37500,s,l
2026-02-06 00:29:48,0.09960000,5.46000,b,l
2026-02-06 00:29:59,0.09950000,141.53900,b,l
2026-02-06 00:30:19,0.09900000,5.46000,b,l
2026-02-06 00:30:47,0.09990000,107.60670,b,l
2026-02-06 00:31:05,0.10010000,645.68520,b,l
2026-02-06 00:31:07,0.10040000,5.46000,b,l
2026-02-06 00:31:08,0.10060000,107.60670,b,l
2026-02-06 00:31:08,0.10060000,107.60670,b,l
2026-02-06 00:31:08,0.10070000,236.64750,b,l
2026-02-06 00:31:13,0.10090000,30.34960,b,l
2026-02-06 00:31:28,0.10060000,1434.37500,s,l
2026-02-06 00:31:39,0.10100000,5.46000,b,l
2026-02-06 00:31:56,0.10070000,5.46000,b,l
2026-02-06 00:32:12,0.09980000,107.60670,s,l
2026-02-06 00:32:14,0.09990000,5.46000,b,l
2026-02-06 00:32:44,0.10020000,5.46000,b,l
2026-02-06 00:33:00,0.10010000,5.46000,b,l
2026-02-06 00:33:04,0.10050000,107.60670,b,l
2026-02-06 00:33:23,0.10120000,358.83920,b,l
2026-02-06 00:33:24,0.10140000,107.60670,b,l
2026-02-06 00:33:42,0.10190000,5.46000,b,l
2026-02-06 00:33:50,0.10180000,1434.37500,s,l
2026-02-06 00:33:53,0.10150000,1434.37500,s,l
2026-02-06 00:34:12,0.10170000,5.46000,b,l
2026-02-06 00:34:24,0.10210000,107.60670,b,l
2026-02-06 00:34:28,0.10220000,236.64750,b,l
2026-02-06 00:34:36,0.10260000,5.46000,b,l
2026-02-06 00:34:36,0.10260000,24.88960,b,l
2026-02-06 00:34:41,0.10280000,107.60670,b,l
2026-02-06 00:34:43,0.10310000,4878.75840,b,l
2026-02-06 00:35:05,0.10360000,5.46000,b,l
2026-02-06 00:35:12,0.10360000,102.14670,b,l
2026-02-06 00:35:14,0.10370000,349.91280,b,l
2026-02-06 00:35:31,0.10350000,4737.71970,b,l
2026-02-06 00:35:43,0.10380000,5.46000,b,l
2026-02-06 00:35:48,0.10380000,316.28131,b,m
2026-02-06 00:37:07,0.10370000,11377.84000,s,l
2026-02-06 00:37:16,0.10390000,236.64750,b,l
2026-02-06 00:37:25,0.10410000,1649.05530,b,l
2026-02-06 00:37:25,0.10420000,30.34960,b,l
2026-02-06 00:37:26,0.10410000,79.94188,s,l
2026-02-06 00:37:27,0.10430000,107.60670,b,l
2026-02-06 00:38:04,0.10450000,1645.48712,b,l
2026-02-06 00:38:51,0.10500000,107.60670,b,l
2026-02-06 00:39:01,0.10550000,236.64750,b,l
2026-02-06 00:39:13,0.10580000,30.34969,b,l
2026-02-06 00:39:13,0.10580000,107.60671,b,l
2026-02-06 00:39:22,0.10600000,930.94330,s,l
2026-02-06 00:40:04,0.10560000,5.46000,b,l
2026-02-06 00:40:12,0.10510000,80.56395,s,m
2026-02-06 00:40:20,0.10500000,107.60670,s,l
2026-02-06 00:40:22,0.10510000,5.46000,b,l
2026-02-06 00:40:22,0.10510000,75.90133,b,m
2026-02-06 00:40:39,0.10520000,5.46000,b,l
2026-02-06 00:40:55,0.10500000,5.46000,b,l
2026-02-06 00:42:15,0.10450000,5.46000,b,l
2026-02-06 00:42:24,0.10470000,1681.58370,b,l
2026-02-06 00:42:24,0.10470000,397.51400,b,l
2026-02-06 00:42:24,0.10470000,258.17950,b,l
2026-02-06 00:42:49,0.10460000,5.46000,b,l
2026-02-06 00:42:54,0.10460000,342.80830,b,l
2026-02-06 00:42:59,0.10470000,9558.22513,b,l
2026-02-06 00:42:59,0.10470000,9559.62976,b,l
2026-02-06 00:42:59,0.10470000,23886.24595,b,l
2026-02-06 00:42:59,0.10470000,9331.11886,b,l
2026-02-06 00:42:59,0.10470000,554.40065,b,l
2026-02-06 00:43:32,0.10450000,5.46000,b,l
2026-02-06 00:44:08,0.10490000,5.46000,b,l
2026-02-06 00:44:28,0.10440000,1434.37500,s,l
2026-02-06 00:44:28,0.10440000,4187.70800,s,l
2026-02-06 00:44:40,0.10480000,5.46000,b,l
2026-02-06 00:44:50,0.10460000,38.56964,b,l
2026-02-06 00:44:50,0.10470000,9557.34931,b,l
2026-02-06 00:44:50,0.10470000,454.25705,b,l
2026-02-06 00:44:50,0.10470000,1946.69450,b,l
2026-02-06 00:44:50,0.10470000,7157.71862,b,l
2026-02-06 00:44:50,0.10470000,23877.74594,b,l
2026-02-06 00:44:50,0.10470000,1061.30345,b,l
2026-02-06 00:44:56,0.10500000,5.46000,b,l
2026-02-06 00:45:09,0.10560000,212.99710,b,m
2026-02-06 00:45:15,0.10580000,5.46000,b,l
2026-02-06 00:45:15,0.10580000,102.14670,b,l
2026-02-06 00:45:45,0.10630000,5.46000,b,l
2026-02-06 00:46:59,0.10540000,9487.66603,b,l
2026-02-06 00:47:34,0.10520000,32.33160,b,l
2026-02-06 00:47:34,0.10530000,301.76140,b,l
2026-02-06 00:48:05,0.10500000,107.60669,s,l
2026-02-06 00:48:06,0.10500000,5.46000,b,l
2026-02-06 00:48:32,0.10490000,659.88766,s,m
2026-02-06 00:48:41,0.10510000,5.46000,b,l
2026-02-06 00:49:20,0.10480000,5.46000,b,l
2026-02-06 00:50:00,0.10540000,1434.37500,b,m
2026-02-06 00:50:00,0.10540000,11.86667,b,m
2026-02-06 00:50:33,0.10580000,107.60660,b,l
2026-02-06 00:51:01,0.10640000,341.08860,b,l
2026-02-06 00:51:11,0.10660000,5.46000,b,l
2026-02-06 00:52:26,0.10600000,500.00000,s,l
2026-02-06 00:52:57,0.10620000,186.94800,b,l
2026-02-06 00:53:50,0.10710000,236.64754,b,l
2026-02-06 00:53:50,0.10710000,384.84096,b,l
2026-02-06 00:55:19,0.10640000,1434.37500,s,m
2026-02-06 00:55:19,0.10640000,11.86667,s,m
2026-02-06 00:57:18,0.10580000,5.46000,s,l
2026-02-06 00:57:24,0.10580000,1434.37500,s,l
2026-02-06 00:57:55,0.10610000,187.67500,b,l
2026-02-06 00:59:01,0.10630000,1434.37500,b,m
2026-02-06 00:59:01,0.10640000,55.48827,b,m
2026-02-06 00:59:58,0.10600000,1434.37500,s,l
2026-02-06 00:59:58,0.10600000,920.52500,s,l
2026-02-06 01:00:24,0.10590000,20861.49260,s,l
2026-02-06 01:02:01,0.10600000,1434.37500,s,l
2026-02-06 01:03:57,0.10630000,188.67800,b,l
2026-02-06 01:04:17,0.10660000,5.46000,b,l
2026-02-06 01:05:14,0.10690000,1434.37500,s,l
2026-02-06 01:05:19,0.10650000,1434.37500,s,m
2026-02-06 01:05:19,0.10650000,55.48827,s,m
2026-02-06 01:05:40,0.10640000,1434.37500,s,l
2026-02-06 01:05:46,0.10640000,4712.10119,b,l
2026-02-06 01:06:02,0.10620000,651.20493,s,m
2026-02-06 01:08:10,0.10740000,5.46000,b,l
2026-02-06 01:08:20,0.10750000,30.34969,b,m
2026-02-06 01:08:20,0.10750000,1434.37500,b,m
2026-02-06 01:08:20,0.10750000,62.13676,b,m
2026-02-06 01:09:04,0.10710000,5.46000,s,l
2026-02-06 01:09:16,0.10760000,36.90529,b,l
2026-02-06 01:10:17,0.10790000,928.61590,b,l
2026-02-06 01:10:17,0.10800000,188.18000,b,l
2026-02-06 01:11:51,0.10810000,466.22225,b,l
2026-02-06 01:11:53,0.10810000,1400.00000,s,l
2026-02-06 01:12:05,0.10810000,1400.00000,s,l
2026-02-06 01:13:53,0.10750000,1434.37500,b,l
2026-02-06 01:13:53,0.10760000,431.84658,b,l
2026-02-06 01:13:53,0.10760000,750.77042,b,l
2026-02-06 01:13:54,0.10730000,1434.37500,s,l
2026-02-06 01:14:14,0.10740000,2633.50000,b,l
2026-02-06 01:14:21,0.10750000,1400.00000,s,l
2026-02-06 01:15:12,0.10800000,1434.37500,s,l
2026-02-06 01:15:19,0.10780000,1434.37500,s,l
2026-02-06 01:15:23,0.10790000,926.78406,b,m
2026-02-06 01:15:24,0.10770000,42.88121,s,l
2026-02-06 01:15:52,0.10840000,610.07400,b,l
2026-02-06 01:16:07,0.10820000,1434.37500,s,m
2026-02-06 01:16:07,0.10820000,92.48645,s,m
2026-02-06 01:16:25,0.10800000,4615.59910,b,l
2026-02-06 01:16:32,0.10820000,229.11600,b,l
2026-02-06 01:17:00,0.10840000,1434.37500,s,l
2026-02-06 01:17:31,0.10850000,1434.37500,s,l
2026-02-06 01:17:37,0.10880000,236.64750,b,l
2026-02-06 01:17:45,0.10900000,44.27486,b,l
2026-02-06 01:17:45,0.10900000,341.35879,b,l
2026-02-06 01:17:45,0.10900000,7393.58675,b,l
2026-02-06 01:17:46,0.10910000,332.69862,b,l
2026-02-06 01:18:00,0.10890000,1434.37500,s,l
2026-02-06 01:18:27,0.10900000,659.88766,b,m
2026-02-06 01:19:42,0.10830000,1434.37500,s,l
2026-02-06 01:19:49,0.10840000,185.49500,b,l
2026-02-06 01:19:52,0.10830000,75.90133,s,m
2026-02-06 01:19:54,0.10850000,7022.86850,b,l
2026-02-06 01:19:54,0.10850000,2201.58407,b,l
2026-02-06 01:19:54,0.10850000,23053.79140,b,l
2026-02-06 01:19:54,0.10850000,10017.99303,b,l
2026-02-06 01:19:54,0.10850000,3813.97830,b,l
2026-02-06 01:19:55,0.10860000,385.56548,b,l
2026-02-06 01:20:14,0.10840000,1000.00000,b,l
2026-02-06 01:20:26,0.10860000,10858.47000,b,l
2026-02-06 01:20:26,0.10860000,6903.00810,b,l
2026-02-06 01:21:14,0.10870000,1400.00000,s,l
2026-02-06 01:21:27,0.10870000,651.20493,b,m
2026-02-06 01:22:05,0.10840000,1434.37500,s,l
2026-02-06 01:22:07,0.10850000,1434.37500,b,m
2026-02-06 01:22:07,0.10860000,1434.37500,b,m
2026-02-06 01:22:07,0.10860000,364.81320,b,m
2026-02-06 01:22:07,0.10860000,3537.39305,b,m
2026-02-06 01:22:07,0.10860000,2849.42146,b,m
2026-02-06 01:22:07,0.10860000,1084.15678,b,m
2026-02-06 01:22:07,0.10860000,9365.75499,b,m
2026-02-06 01:22:07,0.10850000,1339.80154,s,l
2026-02-06 01:24:02,0.10840000,5.77507,s,m
2026-02-06 01:24:04,0.10840000,1428.59993,s,l
2026-02-06 01:25:07,0.10880000,1434.37500,s,l
2026-02-06 01:26:08,0.10850000,1434.37500,s,l
2026-02-06 01:26:09,0.10860000,1104.97238,b,m
2026-02-06 01:26:32,0.10870000,1400.00000,s,l
2026-02-06 01:27:09,0.10900000,556.39390,b,l
2026-02-06 01:27:23,0.10880000,77.71529,s,m
2026-02-06 01:28:34,0.10860000,1434.37500,b,m
2026-02-06 01:28:34,0.10860000,6884.01431,b,m
2026-02-06 01:28:34,0.10870000,1434.37500,b,m
2026-02-06 01:28:34,0.10880000,1434.37500,b,m
2026-02-06 01:28:34,0.10880000,4928.89614,b,m
2026-02-06 01:28:57,0.10850000,1953.21810,b,l
2026-02-06 01:29:25,0.10850000,185.52100,b,l
2026-02-06 01:29:48,0.10830000,1400.00000,s,l
2026-02-06 01:33:30,0.10840000,1434.37500,s,l
2026-02-06 01:33:43,0.10870000,5.58590,b,m
2026-02-06 01:35:25,0.10860000,216.18086,s,l
2026-02-06 01:36:01,0.10920000,6.48015,b,l
2026-02-06 01:36:01,0.10920000,6.48015,b,l
2026-02-06 01:36:01,0.10920000,17.38939,b,l
2026-02-06 01:36:02,0.10930000,5.46000,b,l
2026-02-06 01:36:04,0.10930000,1400.00000,s,l
2026-02-06 01:36:05,0.10930000,1400.00000,s,l
2026-02-06 01:36:08,0.10930000,185.53100,b,l
2026-02-06 01:36:35,0.10930000,1400.00000,s,l
2026-02-06 01:38:48,0.10850000,5.46000,s,l
2026-02-06 01:38:48,0.10850000,4.54000,s,l
2026-02-06 01:40:20,0.10900000,1400.00000,s,l
2026-02-06 01:41:50,0.10890000,5.77507,s,m
2026-02-06 01:43:56,0.10930000,5.46000,b,l
2026-02-06 01:43:59,0.10930000,9.07820,s,l
2026-02-06 01:46:40,0.10940000,1434.37500,s,l
2026-02-06 01:46:40,0.10940000,127.97553,s,l
2026-02-06 01:46:51,0.10980000,4570.68720,b,l
2026-02-06 01:48:00,0.11010000,5.46000,b,l
2026-02-06 01:48:55,0.11000000,933.94770,s,l
2026-02-06 01:49:01,0.10990000,933.94770,s,l
2026-02-06 01:51:44,0.11010000,7.37439,b,l
2026-02-06 01:53:45,0.10990000,320.10700,b,l
2026-02-06 01:55:07,0.11010000,186.78600,b,l
2026-02-06 01:56:57,0.11030000,453.30910,s,l
2026-02-06 01:57:28,0.11050000,7.03083,b,l
2026-02-06 01:57:28,0.11050000,229.61671,b,l
2026-02-06 01:59:49,0.11010000,5.77507,s,m
2026-02-06 02:01:51,0.11090000,6.49790,b,l
2026-02-06 02:01:51,0.11090000,6.49790,b,l
2026-02-06 02:01:51,0.11090000,6.49790,b,l
2026-02-06 02:01:51,0.11090000,6.49790,b,l
2026-02-06 02:01:51,0.11090000,4.35809,b,l
2026-02-06 02:01:51,0.11090000,2.13981,b,l
2026-02-06 02:01:51,0.11090000,3.32019,b,l
2026-02-06 02:03:29,0.11050000,318.74200,b,l
2026-02-06 02:03:46,0.11050000,115.57246,b,l
2026-02-06 02:04:52,0.11060000,5.98937,s,m
2026-02-06 02:06:39,0.11040000,10.00000,b,m
2026-02-06 02:08:43,0.11010000,5.46000,s,l
2026-02-06 02:11:40,0.10990000,1434.37500,b,l
2026-02-06 02:11:40,0.11000000,272.27600,b,l
2026-02-06 02:12:56,0.10930000,5.46000,s,l
2026-02-06 02:12:58,0.10930000,5.46000,b,l
2026-02-06 02:13:30,0.10930000,5.45970,b,l
2026-02-06 02:14:01,0.10910000,5.45970,b,l
2026-02-06 02:15:17,0.10880000,5.46000,b,l
2026-02-06 02:15:35,0.10890000,5.46000,b,l
2026-02-06 02:16:24,0.10860000,3222.83609,s,l
2026-02-06 02:16:24,0.10860000,30.83741,s,l
2026-02-06 02:16:32,0.10880000,5.46000,b,l
2026-02-06 02:16:35,0.10880000,5.88166,s,m
2026-02-06 02:16:55,0.10890000,262.44000,b,l
2026-02-06 02:16:58,0.10890000,9182.73640,b,l
2026-02-06 02:17:18,0.10900000,5.46000,b,l
2026-02-06 02:18:03,0.10930000,5.46000,b,l
2026-02-06 02:18:47,0.10910000,5.45970,b,l
2026-02-06 02:19:03,0.10890000,5.46000,b,l
2026-02-06 02:19:54,0.10850000,36.86630,s,l
2026-02-06 02:19:55,0.10840000,240.74958,s,l
2026-02-06 02:19:55,0.10840000,9217.27242,s,l
2026-02-06 02:19:55,0.10840000,532.62960,s,l
2026-02-06 02:20:02,0.10820000,5.46000,b,l
2026-02-06 02:20:52,0.10800000,5.46000,b,l
2026-02-06 02:21:24,0.10780000,5.46000,b,l
2026-02-06 02:21:42,0.10780000,5.46000,b,l
2026-02-06 02:21:42,0.10770000,9.27573,s,l
2026-02-06 02:21:42,0.10770000,9.27573,s,l
2026-02-06 02:21:42,0.10770000,18.58870,s,l
2026-02-06 02:21:58,0.10780000,5.46000,b,l
2026-02-06 02:22:11,0.10780000,1423.45500,b,m
2026-02-06 02:22:11,0.10780000,175.07509,b,m
2026-02-06 02:22:42,0.10740000,5.98937,s,m
2026-02-06 02:23:09,0.10770000,5.46000,b,l
2026-02-06 02:23:21,0.10740000,2322.30000,s,l
2026-02-06 02:23:27,0.10740000,5.46000,b,l
2026-02-06 02:23:35,0.10730000,9319.66440,s,l
2026-02-06 02:24:13,0.10710000,5.46000,b,l
2026-02-06 02:25:00,0.10730000,5.46000,b,l
2026-02-06 02:26:16,0.10750000,5.46000,b,l
2026-02-06 02:26:35,0.10750000,5.46000,b,l
2026-02-06 02:27:29,0.10740000,5.46000,b,l
2026-02-06 02:27:46,0.10730000,5.46000,b,l
2026-02-06 02:27:50,0.10740000,862.82400,b,l
2026-02-06 02:28:31,0.10740000,5.46000,b,l
2026-02-06 02:28:49,0.10740000,52.90221,b,m
2026-02-06 02:29:02,0.10750000,5.46000,b,l
2026-02-06 02:29:33,0.10770000,5.46000,b,l
2026-02-06 02:29:50,0.10760000,5.46000,b,l
2026-02-06 02:30:21,0.10780000,5.46000,b,l
2026-02-06 02:33:43,0.10850000,37.14015,b,l
2026-02-06 02:33:44,0.10860000,8500.00000,b,l
2026-02-06 02:33:44,0.10860000,12361.49294,b,l
2026-02-06 02:33:51,0.10880000,2337.10500,b,l
2026-02-06 02:34:16,0.10840000,1434.37500,s,m
2026-02-06 02:34:16,0.10840000,164.15509,s,m
2026-02-06 02:35:11,0.10830000,1049.79200,b,l
2026-02-06 02:35:17,0.10810000,89.51360,s,l
2026-02-06 02:37:31,0.10830000,1434.37500,s,l
2026-02-06 02:40:29,0.10830000,188.18700,b,l
2026-02-06 02:41:31,0.10840000,1434.37500,b,l
2026-02-06 02:41:31,0.10840000,1565.62500,b,l
2026-02-06 02:41:52,0.10870000,5.45970,b,l
2026-02-06 02:42:03,0.10860000,100.99830,b,l
2026-02-06 02:42:34,0.10850000,4384.97370,b,l
2026-02-06 02:46:13,0.10820000,1121.90600,b,l
2026-02-06 02:47:53,0.10780000,10.00000,b,l
2026-02-06 02:48:02,0.10770000,37.14010,s,l
2026-02-06 02:48:10,0.10760000,602.58300,b,l
2026-02-06 02:48:21,0.10750000,100.99830,s,l
2026-02-06 03:00:32,0.10750000,1434.37500,s,l
2026-02-06 03:00:32,0.10750000,9302.32558,s,l
2026-02-06 03:00:32,0.10750000,9302.32558,s,l
2026-02-06 03:00:32,0.10740000,9310.98696,s,l
2026-02-06 03:00:32,0.10740000,3090.90000,s,l
2026-02-06 03:00:32,0.10740000,27932.96089,s,l
2026-02-06 03:00:32,0.10740000,9665.15215,s,l
2026-02-06 03:00:32,0.10740000,1434.37500,s,l
2026-02-06 03:00:32,0.10730000,830.00000,s,l
2026-02-06 03:00:32,0.10730000,604.37500,s,l
2026-02-06 03:00:32,0.10730000,225.62500,s,l
2026-02-06 03:00:32,0.10730000,465.00000,s,l
2026-02-06 03:00:32,0.10730000,307.00000,s,l
2026-02-06 03:00:32,0.10740000,1434.37500,s,l
2026-02-06 03:00:32,0.10730000,1434.37500,s,l
2026-02-06 03:00:32,0.10730000,1086.49811,s,l
2026-02-06 03:00:32,0.10730000,5743.97189,s,l
2026-02-06 03:00:32,0.10730000,137.97820,s,l
2026-02-06 03:00:59,0.10760000,3094.89391,b,m
2026-02-06 03:00:59,0.10760000,905.10609,b,m
2026-02-06 03:01:02,0.10750000,602.82200,s,l
2026-02-06 03:01:02,0.10750000,8825.83360,s,l
2026-02-06 03:01:02,0.10750000,1527.81440,s,l
2026-02-06 03:01:18,0.10760000,5.45970,b,l
2026-02-06 03:01:19,0.10760000,2192.48690,b,l
2026-02-06 03:01:19,0.10760000,1096.24340,b,l
2026-02-06 03:01:19,0.10760000,548.12170,b,l
2026-02-06 03:01:19,0.10760000,274.06090,b,l
2026-02-06 03:01:19,0.10760000,137.03040,b,l
2026-02-06 03:01:19,0.10760000,68.51520,b,l
2026-02-06 03:01:19,0.10760000,34.25760,b,l
2026-02-06 03:01:19,0.10760000,17.12880,b,l
2026-02-06 03:01:19,0.10760000,8.56440,b,l
2026-02-06 03:03:02,0.10760000,5.45970,b,l
2026-02-06 03:04:06,0.10810000,1527.81440,b,l
2026-02-06 03:04:06,0.10810000,7722.87940,b,l
2026-02-06 03:05:05,0.10780000,5.45970,b,l
2026-02-06 03:05:23,0.10780000,5.46000,b,l
2026-02-06 03:05:58,0.10800000,5.46000,b,l
2026-02-06 03:07:12,0.10730000,5.46000,b,l
2026-02-06 03:07:22,0.10730000,537.75271,b,l
2026-02-06 03:08:26,0.10760000,5.46000,b,l
2026-02-06 03:09:12,0.10770000,5.45970,b,l
2026-02-06 03:09:43,0.10720000,5.46000,b,l
2026-02-06 03:10:14,0.10720000,5.46000,b,l
2026-02-06 03:10:35,0.10690000,8.08395,s,l
2026-02-06 03:10:47,0.10690000,22.76372,s,l
2026-02-06 03:10:47,0.10690000,37.41808,s,l
2026-02-06 03:11:29,0.10680000,5.46000,b,l
2026-02-06 03:12:28,0.10690000,5.46000,b,l
2026-02-06 03:12:48,0.10670000,240.82247,s,m
2026-02-06 03:12:48,0.10670000,407.33660,s,m
2026-02-06 03:13:30,0.10700000,5.46000,b,l
2026-02-06 03:14:05,0.10700000,5.46000,b,l
2026-02-06 03:14:38,0.10680000,5.46000,b,l
2026-02-06 03:14:41,0.10680000,192.66100,b,l
2026-02-06 03:14:48,0.10670000,648.76596,s,m
2026-02-06 03:15:29,0.10700000,5.46000,b,l
2026-02-06 03:16:18,0.10690000,647.55331,s,m
2026-02-06 03:16:33,0.10700000,5.46000,b,l
2026-02-06 03:17:19,0.10700000,5.46000,b,l
2026-02-06 03:18:04,0.10710000,5.46000,b,l
2026-02-06 03:18:22,0.10710000,5.46000,b,l
2026-02-06 03:18:44,0.10710000,189.60100,b,l
2026-02-06 03:18:51,0.10700000,5.46000,b,l
2026-02-06 03:19:22,0.10690000,5.46000,b,l
2026-02-06 03:20:10,0.10710000,65.82700,b,l
2026-02-06 03:20:13,0.10720000,5.46000,b,l
2026-02-06 03:20:43,0.10710000,5.46000,b,l
2026-02-06 03:21:00,0.10720000,5.46000,b,l
2026-02-06 03:21:47,0.10740000,5.46000,b,l
2026-02-06 03:23:00,0.10690000,5.46000,b,l
2026-02-06 03:23:53,0.10680000,5.46000,b,l
2026-02-06 03:24:40,0.10670000,5.46000,b,l
2026-02-06 03:24:48,0.10660000,7722.87940,s,l
2026-02-06 03:24:48,0.10660000,1657.98360,s,l
2026-02-06 03:25:16,0.10660000,5.46000,b,l
2026-02-06 03:25:30,0.10650000,9389.67130,s,l
2026-02-06 03:25:34,0.10640000,5.46000,b,l
2026-02-06 03:25:45,0.10660000,193.33800,b,l
2026-02-06 03:26:04,0.10670000,5.46000,b,l
2026-02-06 03:26:06,0.10660000,316.28131,s,m
2026-02-06 03:26:11,0.10670000,14.07129,b,m
2026-02-06 03:26:37,0.10640000,5.46000,b,l
2026-02-06 03:27:36,0.10660000,18.57400,b,l
2026-02-06 03:28:55,0.10710000,5.46000,b,l
2026-02-06 03:29:34,0.10720000,5.46000,b,l
2026-02-06 03:31:08,0.10740000,35.12042,s,l
2026-02-06 03:32:01,0.10770000,9.27721,b,l
2026-02-06 03:32:01,0.10770000,9.27701,b,l
2026-02-06 03:33:17,0.10750000,284.92000,s,l
2026-02-06 03:34:29,0.10730000,192.94700,b,l
2026-02-06 03:43:18,0.10700000,5.77507,s,m
2026-02-06 03:51:52,0.10700000,5.45970,b,l
2026-02-06 03:52:24,0.10680000,5.45970,b,l
2026-02-06 03:52:41,0.10670000,5.46000,b,l
2026-02-06 03:52:43,0.10650000,1434.37500,s,m
2026-02-06 03:52:43,0.10650000,11030.95000,s,m
2026-02-06 03:52:43,0.10650000,9381.33874,s,m
2026-02-06 03:52:43,0.10650000,9389.67136,s,m
2026-02-06 03:52:43,0.10640000,1434.37500,s,m
2026-02-06 03:52:43,0.10640000,587.18770,s,m
2026-02-06 03:52:43,0.10640000,2849.42146,s,m
2026-02-06 03:52:43,0.10640000,6553.26000,s,m
2026-02-06 03:52:43,0.10640000,11339.42074,s,m
2026-02-06 03:53:11,0.10700000,5.46000,b,l
2026-02-06 03:53:44,0.10710000,5.45970,b,l
2026-02-06 03:54:00,0.10710000,5.46000,b,l
2026-02-06 03:54:33,0.10710000,5.46000,b,l
2026-02-06 03:54:49,0.10720000,5.46000,b,l
2026-02-06 03:55:10,0.10720000,162.45040,b,l
2026-02-06 03:55:37,0.10730000,5.46000,b,l
2026-02-06 03:55:54,0.10720000,5.46000,b,l
2026-02-06 03:56:12,0.10730000,5.46000,b,l
2026-02-06 03:56:41,0.10730000,540.32900,b,l
2026-02-06 03:56:43,0.10740000,5.46000,b,l
2026-02-06 03:57:00,0.10740000,5.46000,b,l
2026-02-06 03:57:18,0.10750000,5.46000,b,l
2026-02-06 03:57:48,0.10770000,5.46000,b,l
2026-02-06 03:58:05,0.10770000,5.46000,b,l
2026-02-06 03:58:22,0.10740000,5.46000,b,l
2026-02-06 03:58:53,0.10730000,5.46000,b,l
2026-02-06 03:59:12,0.10740000,5.46000,b,l
2026-02-06 04:00:09,0.10760000,5.46000,b,l
2026-02-06 04:00:27,0.10750000,5.77507,s,m
2026-02-06 04:00:34,0.10760000,5.46000,b,l
2026-02-06 04:01:03,0.10740000,5.46000,b,l
2026-02-06 04:01:07,0.10730000,224.88100,b,l
2026-02-06 04:02:35,0.10740000,5.46000,b,l
2026-02-06 04:03:21,0.10740000,5.46000,b,l
2026-02-06 04:03:49,0.10740000,645.14157,s,m
2026-02-06 04:03:52,0.10750000,5.46000,b,l
2026-02-06 04:04:10,0.10750000,5.46000,b,l
2026-02-06 04:05:14,0.10750000,5.46000,b,l
2026-02-06 04:06:01,0.10750000,5.46000,b,l
2026-02-06 04:06:46,0.10770000,5.46000,b,l
2026-02-06 04:07:17,0.10760000,5.46000,b,l
2026-02-06 04:07:20,0.10770000,2.48386,b,l
2026-02-06 04:07:20,0.10770000,7.64273,b,l
2026-02-06 04:08:12,0.10750000,5.46000,b,l
2026-02-06 04:08:30,0.10710000,5.46000,b,l
2026-02-06 04:09:01,0.10710000,5.46000,b,l
2026-02-06 04:10:01,0.10730000,5.46000,b,l
2026-02-06 04:10:45,0.10730000,262.70200,b,l
2026-02-06 04:11:03,0.10730000,5.46000,b,l
2026-02-06 04:11:21,0.10730000,5.46000,b,l
2026-02-06 04:12:04,0.10750000,5.46000,b,l
2026-02-06 04:13:40,0.10760000,5.46000,b,l
2026-02-06 04:13:53,0.10790000,28.34468,s,m
2026-02-06 04:13:58,0.10790000,5.46000,b,l
2026-02-06 04:14:42,0.10770000,5.46000,b,l
2026-02-06 04:14:50,0.10770000,342.20680,s,l
2026-02-06 04:14:59,0.10780000,5.46000,b,l
2026-02-06 04:16:00,0.10780000,5.46000,b,l
2026-02-06 04:16:18,0.10800000,5.46000,b,l
2026-02-06 04:16:47,0.10810000,5.46000,b,l
2026-02-06 04:17:04,0.10790000,392.15600,s,l
2026-02-06 04:17:04,0.10800000,5.46000,b,l
2026-02-06 04:17:21,0.10790000,5.46000,b,l
2026-02-06 04:17:38,0.10780000,5.46000,b,l
2026-02-06 04:17:40,0.10770000,5.77507,s,m
2026-02-06 04:17:55,0.10800000,5.46000,b,l
2026-02-06 04:18:13,0.10830000,5.46000,b,l
2026-02-06 04:18:29,0.10820000,5.46000,b,l
2026-02-06 04:18:34,0.10800000,342.20680,s,m
2026-02-06 04:18:46,0.10830000,5.46000,b,l
2026-02-06 04:19:03,0.10830000,5.46000,b,l
2026-02-06 04:19:21,0.10840000,5.46000,b,l
2026-02-06 04:19:37,0.10840000,5.46000,b,l
2026-02-06 04:19:54,0.10840000,5.46000,b,l
2026-02-06 04:20:11,0.10840000,5.46000,b,l
2026-02-06 04:21:31,0.10810000,5.46000,b,l
2026-02-06 04:21:49,0.10840000,5.46000,b,l
2026-02-06 04:22:01,0.10840000,166.05166,b,l
2026-02-06 04:22:03,0.10850000,5.46000,b,m
2026-02-06 04:22:20,0.10850000,5.46000,b,l
2026-02-06 04:22:36,0.10850000,5.46000,b,l
2026-02-06 04:22:37,0.10850000,20.76010,b,m
2026-02-06 04:22:37,0.10850000,71.40580,b,m
2026-02-06 04:22:53,0.10840000,5.46000,b,l
2026-02-06 04:23:10,0.10840000,5.46000,b,l
2026-02-06 04:23:27,0.10830000,5.46000,b,l
2026-02-06 04:23:43,0.10830000,5.46000,b,l
2026-02-06 04:23:49,0.10820000,298.90500,s,l
2026-02-06 04:24:00,0.10830000,5.46000,b,l
2026-02-06 04:24:18,0.10840000,5.46000,b,l
2026-02-06 04:24:35,0.10860000,5.46000,b,l
2026-02-06 04:24:51,0.10880000,5.46000,b,l
2026-02-06 04:25:02,0.10880000,231.18754,b,l
2026-02-06 04:25:09,0.10890000,5.46000,b,l
2026-02-06 04:25:25,0.10870000,5.46000,b,l
2026-02-06 04:25:42,0.10870000,5.46000,b,l
2026-02-06 04:25:58,0.10870000,5.46000,b,l
2026-02-06 04:26:16,0.10880000,5.46000,b,l
2026-02-06 04:26:32,0.10910000,5.46000,b,l
2026-02-06 04:26:49,0.10920000,5.46000,b,l
2026-02-06 04:27:05,0.10920000,5.46000,b,l
2026-02-06 04:27:06,0.10920000,9.14989,b,l
2026-02-06 04:27:06,0.10920000,9.14989,b,l
2026-02-06 04:27:24,0.10920000,5.46000,b,l
2026-02-06 04:27:40,0.10920000,1.12991,b,l
2026-02-06 04:27:40,0.10930000,4.33009,b,l
2026-02-06 04:27:57,0.10930000,5.46000,b,l
2026-02-06 04:28:15,0.10920000,5.46000,b,l
2026-02-06 04:28:32,0.10920000,5.46000,b,l
2026-02-06 04:28:49,0.10920000,5.46000,b,l
2026-02-06 04:29:05,0.10910000,5.46000,b,l
2026-02-06 04:29:24,0.10920000,5.46000,b,l
2026-02-06 04:29:40,0.10900000,5.46000,b,l
2026-02-06 04:29:57,0.10890000,5.46000,b,l
2026-02-06 04:30:15,0.10890000,5.46000,b,l
2026-02-06 04:30:32,0.10880000,5.46000,b,l
2026-02-06 04:30:48,0.10880000,5.46000,b,l
2026-02-06 04:31:05,0.10860000,5.46000,b,l
2026-02-06 04:31:23,0.10870000,5.46000,b,l
2026-02-06 04:31:40,0.10860000,5.46000,b,l
2026-02-06 04:32:45,0.10870000,5.46000,b,l
2026-02-06 04:33:03,0.10870000,5.46000,b,l
2026-02-06 04:33:16,0.10910000,162.45040,b,m
2026-02-06 04:33:21,0.10910000,5.46000,b,l
2026-02-06 04:33:50,0.10900000,5.46000,b,l
2026-02-06 04:34:10,0.10880000,1434.37500,s,l
2026-02-06 04:34:10,0.10870000,298.68300,s,l
2026-02-06 04:34:22,0.10900000,5.46000,b,l
2026-02-06 04:34:53,0.10890000,5.46000,b,l
2026-02-06 04:35:10,0.10860000,5.77507,s,m
2026-02-06 04:35:11,0.10870000,5.46000,b,l
2026-02-06 04:35:17,0.10870000,1434.37500,b,l
2026-02-06 04:35:28,0.10870000,5.46000,b,l
2026-02-06 04:35:46,0.10840000,9.21204,s,l
2026-02-06 04:35:46,0.10840000,363.94607,s,l
2026-02-06 04:35:46,0.10840000,8136.05393,s,l
2026-02-06 04:35:46,0.10840000,9217.18082,s,l
2026-02-06 04:35:46,0.10840000,933.94779,s,l
2026-02-06 04:36:10,0.10840000,5.46000,b,l
2026-02-06 04:36:29,0.10850000,5.46000,b,l
2026-02-06 04:36:58,0.10850000,5.46000,b,l
2026-02-06 04:37:40,0.10840000,5.46000,b,l
2026-02-06 04:37:43,0.10840000,1428.91500,b,m
2026-02-06 04:37:43,0.10840000,7796.17725,b,m
2026-02-06 04:38:11,0.10850000,5.46000,b,l
2026-02-06 04:38:56,0.10850000,5.46000,b,l
2026-02-06 04:39:11,0.10820000,515.56876,s,l
2026-02-06 04:39:20,0.10800000,104.26200,s,l
2026-02-06 04:39:29,0.10820000,5.46000,b,l
2026-02-06 04:39:50,0.10820000,214.50302,s,l
2026-02-06 04:40:34,0.10820000,5.46000,b,l
2026-02-06 04:41:20,0.10820000,5.46000,b,l
2026-02-06 04:41:54,0.10820000,5.46000,b,l
2026-02-06 04:42:26,0.10810000,5.46000,b,l
2026-02-06 04:42:42,0.10820000,5.46000,b,l
2026-02-06 04:42:59,0.10820000,5.46000,b,l
2026-02-06 04:43:06,0.10810000,1434.37500,s,l
2026-02-06 04:43:06,0.10810000,9250.69380,s,l
2026-02-06 04:43:12,0.10810000,1214.93120,b,l
2026-02-06 04:43:31,0.10820000,5.46000,b,l
2026-02-06 04:43:34,0.10810000,1434.37500,s,l
2026-02-06 04:43:34,0.10810000,9250.69380,s,l
2026-02-06 04:43:47,0.10810000,5.46000,b,l
2026-02-06 04:43:48,0.10810000,16043.97620,b,l
2026-02-06 04:44:04,0.10820000,5.46000,b,l
2026-02-06 04:44:05,0.10810000,1434.37500,s,l
2026-02-06 04:44:05,0.10810000,6922.77167,s,l
2026-02-06 04:44:05,0.10810000,9250.69380,s,l
2026-02-06 04:44:05,0.10810000,9959.22700,b,l
2026-02-06 04:44:18,0.10810000,1434.37500,s,l
2026-02-06 04:44:18,0.10810000,9250.69380,s,l
2026-02-06 04:44:22,0.10810000,5.46000,b,l
2026-02-06 04:44:22,0.10810000,547.18697,b,l
2026-02-06 04:44:22,0.10810000,547.18697,b,l
2026-02-06 04:44:22,0.10810000,547.18697,b,l
2026-02-06 04:44:22,0.10810000,547.18697,b,l
2026-02-06 04:44:22,0.10810000,18850.60300,b,l
2026-02-06 04:44:48,0.10820000,2973.00000,s,l
2026-02-06 04:44:55,0.10830000,650.71000,b,l
2026-02-06 04:44:57,0.10820000,3953.72976,s,l
2026-02-06 04:44:57,0.10820000,9242.14417,s,l
2026-02-06 04:44:57,0.10820000,2371.40000,s,l
2026-02-06 04:44:57,0.10820000,933.94779,s,l
2026-02-06 04:44:57,0.10820000,13863.21626,s,l
2026-02-06 04:44:57,0.10820000,1520.95943,s,l
2026-02-06 04:45:04,0.10830000,5.46000,b,l
2026-02-06 04:45:05,0.10830000,11243.83000,b,l
2026-02-06 04:45:10,0.10850000,547.18697,b,l
2026-02-06 04:45:10,0.10850000,547.18697,b,l
2026-02-06 04:45:10,0.10850000,27346.93054,b,l
2026-02-06 04:45:10,0.10850000,547.18697,b,l
2026-02-06 04:45:10,0.10850000,547.18697,b,l
2026-02-06 04:45:10,0.10850000,547.18697,b,l
2026-02-06 04:45:11,0.10850000,547.18697,b,l
2026-02-06 04:45:11,0.10850000,2181.00754,b,l
2026-02-06 04:45:22,0.10870000,5.46000,b,l
2026-02-06 04:45:29,0.10850000,9209.11368,s,l
2026-02-06 04:45:29,0.10850000,9210.48932,s,l
2026-02-06 04:45:29,0.10850000,22133.39239,s,l
2026-02-06 04:45:42,0.10850000,7.01038,b,l
2026-02-06 04:45:43,0.10850000,547.18697,b,l
2026-02-06 04:45:43,0.10850000,27346.93054,b,l
2026-02-06 04:45:43,0.10850000,547.18697,b,l
2026-02-06 04:45:43,0.10850000,547.18697,b,l
2026-02-06 04:45:43,0.10850000,547.18697,b,l
2026-02-06 04:45:43,0.10850000,547.18697,b,l
2026-02-06 04:45:43,0.10850000,547.18697,b,l
2026-02-06 04:45:43,0.10850000,547.18697,b,l
2026-02-06 04:45:43,0.10850000,547.18697,b,l
2026-02-06 04:45:44,0.10850000,547.18697,b,l
2026-02-06 04:45:44,0.10850000,547.18697,b,l
2026-02-06 04:45:44,0.10850000,547.18697,b,l
2026-02-06 04:45:44,0.10850000,547.18697,b,l
2026-02-06 04:45:44,0.10850000,547.18697,b,l
2026-02-06 04:45:44,0.10850000,547.18697,b,l
2026-02-06 04:45:49,0.10850000,547.18697,b,l
2026-02-06 04:45:49,0.10850000,547.18697,b,l
2026-02-06 04:45:52,0.10850000,5.46000,b,l
2026-02-06 04:46:00,0.10850000,547.18697,b,l
2026-02-06 04:46:00,0.10850000,3891.41598,b,l
2026-02-06 04:46:23,0.10870000,5.46000,b,l
2026-02-06 04:46:40,0.10870000,5.46000,b,l
2026-02-06 04:47:16,0.10860000,547.18697,b,l
2026-02-06 04:47:16,0.10860000,547.18697,b,l
2026-02-06 04:47:16,0.10860000,547.18697,b,l
2026-02-06 04:47:16,0.10860000,547.18697,b,l
2026-02-06 04:47:16,0.10860000,12811.25210,b,l
2026-02-06 04:47:25,0.10880000,5.46000,b,l
2026-02-06 04:47:37,0.10870000,1434.37500,s,l
2026-02-06 04:47:37,0.10870000,9199.63201,s,l
2026-02-06 04:47:42,0.10870000,5.46000,b,l
2026-02-06 04:47:58,0.10880000,5.46000,b,l
2026-02-06 04:48:07,0.10890000,166.05166,b,m
2026-02-06 04:48:31,0.10870000,5.46000,b,l
2026-02-06 04:48:39,0.10860000,9208.10313,s,l
2026-02-06 04:48:47,0.10880000,5.46000,b,l
2026-02-06 04:49:33,0.10880000,5.46000,b,l
2026-02-06 04:49:57,0.10890000,177.44400,b,l
2026-02-06 04:50:10,0.10890000,5.46000,b,l
2026-02-06 04:50:44,0.10890000,5.46000,b,l
2026-02-06 04:51:00,0.10860000,5.46000,b,l
2026-02-06 04:51:32,0.10900000,5.46000,b,l
2026-02-06 04:52:03,0.10890000,5.46000,b,l
2026-02-06 04:52:51,0.10880000,5.46000,b,l
2026-02-06 04:53:09,0.10880000,5.46000,b,l
2026-02-06 04:53:40,0.10860000,5.46000,b,l
2026-02-06 04:54:33,0.10870000,5.46000,b,l
2026-02-06 04:55:24,0.10880000,5.46000,b,l
2026-02-06 04:55:54,0.10890000,5.46000,b,l
2026-02-06 04:56:14,0.10880000,5.46000,b,l
2026-02-06 04:56:44,0.10880000,5.46000,b,l
2026-02-06 04:57:00,0.10890000,5.46000,b,l
2026-02-06 04:57:02,0.10880000,1434.37500,s,l
2026-02-06 04:57:02,0.10880000,9191.17647,s,l
2026-02-06 04:57:02,0.10870000,1434.37500,s,l
2026-02-06 04:57:02,0.10870000,9199.63201,s,l
2026-02-06 04:57:02,0.10870000,2306.80000,s,l
2026-02-06 04:57:02,0.10870000,6330.19552,s,l
2026-02-06 04:57:39,0.10880000,5.46000,b,l
2026-02-06 04:57:56,0.10880000,5.46000,b,l
2026-02-06 04:58:34,0.10890000,5.46000,b,l
2026-02-06 04:59:09,0.10880000,5.46000,b,l
2026-02-06 04:59:28,0.10870000,5.46000,b,l
2026-02-06 05:00:04,0.10880000,5.46000,b,l
2026-02-06 05:00:24,0.10870000,136.50300,b,l
2026-02-06 05:00:42,0.10870000,5.46000,b,l
2026-02-06 05:01:20,0.10860000,5.46000,b,l
2026-02-06 05:03:22,0.10920000,5.46000,b,l
2026-02-06 05:04:11,0.10910000,5.46000,b,l
2026-02-06 05:05:24,0.10920000,5.46000,b,l
2026-02-06 05:05:41,0.10930000,5.46000,b,l
2026-02-06 05:05:48,0.10930000,21.61621,b,l
2026-02-06 05:06:26,0.10980000,5.46000,b,l
2026-02-06 05:06:59,0.10970000,5.46000,b,l
2026-02-06 05:12:31,0.10980000,1434.37500,b,m
2026-02-06 05:12:31,0.10980000,217.75901,b,m
2026-02-06 05:16:18,0.10930000,2909.00000,b,m
2026-02-06 05:16:18,0.10930000,1434.37500,b,m
2026-02-06 05:16:18,0.10930000,1146.10350,b,m
2026-02-06 05:18:44,0.10930000,6.92543,b,m
2026-02-06 05:21:35,0.10950000,5.45970,b,l
2026-02-06 05:21:52,0.10950000,5.45970,b,l
2026-02-06 05:22:10,0.10960000,5.45970,b,l
2026-02-06 05:22:27,0.10930000,5.46000,b,l
2026-02-06 05:22:43,0.10930000,5.45970,b,l
2026-02-06 05:23:00,0.10930000,5.46000,b,l
2026-02-06 05:23:17,0.10930000,5.46000,b,l
2026-02-06 05:23:34,0.10920000,5.46000,b,l
2026-02-06 05:23:50,0.10920000,5.46000,b,l
2026-02-06 05:24:09,0.10920000,5.46000,b,l
2026-02-06 05:24:25,0.10920000,5.46000,b,l
2026-02-06 05:24:42,0.10920000,5.46000,b,l
2026-02-06 05:24:58,0.10920000,5.46000,b,l
2026-02-06 05:25:16,0.10920000,5.46000,b,l
2026-02-06 05:25:33,0.10920000,5.46000,b,l
2026-02-06 05:25:49,0.10910000,5.46000,b,l
2026-02-06 05:26:08,0.10900000,5.46000,b,l
2026-02-06 05:26:24,0.10890000,5.46000,b,l
2026-02-06 05:26:41,0.10890000,5.46000,b,l
2026-02-06 05:26:57,0.10870000,5.46000,b,l
2026-02-06 05:27:15,0.10890000,5.46000,b,l
2026-02-06 05:27:31,0.10890000,5.46000,b,l
2026-02-06 05:27:34,0.10870000,5.88166,s,m
2026-02-06 05:27:48,0.10890000,5.46000,b,l
2026-02-06 05:28:04,0.10900000,5.46000,b,l
2026-02-06 05:28:22,0.10890000,5.46000,b,l
2026-02-06 05:28:39,0.10900000,5.46000,b,l
2026-02-06 05:28:55,0.10920000,5.46000,b,l
2026-02-06 05:29:13,0.10930000,5.46000,b,l
2026-02-06 05:29:30,0.10920000,5.46000,b,l
2026-02-06 05:29:46,0.10920000,5.46000,b,l
2026-02-06 05:30:03,0.10920000,5.46000,b,l
2026-02-06 05:30:22,0.10930000,5.46000,b,l
2026-02-06 05:30:38,0.10920000,5.46000,b,l
2026-02-06 05:31:26,0.10930000,15.94707,s,l
2026-02-06 05:31:59,0.10960000,5.46000,s,l
2026-02-06 05:34:09,0.10980000,5035.89150,s,l
2026-02-06 05:34:09,0.10980000,13393.70777,s,l
2026-02-06 05:35:07,0.10970000,500.00000,s,l
2026-02-06 05:38:39,0.11000000,1434.37500,b,l
2026-02-06 05:38:39,0.11000000,9090.90909,b,l
2026-02-06 05:38:39,0.11000000,6715.11057,b,l
2026-02-06 05:38:39,0.11000000,2375.79852,b,l
2026-02-06 05:38:39,0.11000000,22727.27272,b,l
2026-02-06 05:38:39,0.11000000,6905.54128,b,l
2026-02-06 05:38:39,0.11000000,15821.73144,b,l
2026-02-06 05:38:39,0.11010000,5.46000,b,l
2026-02-06 05:38:39,0.11010000,790.60098,b,l
2026-02-06 05:38:39,0.11010000,643.77402,b,l
2026-02-06 05:38:39,0.11010000,13014.33308,b,l
2026-02-06 05:38:39,0.11010000,9692.29725,b,l
2026-02-06 05:38:39,0.11010000,494.86531,b,l
2026-02-06 05:38:39,0.11010000,7652.87486,b,l
2026-02-06 05:38:39,0.11010000,15482.72256,b,l
2026-02-06 05:38:39,0.11010000,1008.13778,b,l
2026-02-06 05:38:39,0.11010000,9272.18232,b,l
2026-02-06 05:38:39,0.11010000,13532.81768,b,l
2026-02-06 05:38:39,0.11010000,13670.00000,b,l
2026-02-06 05:38:39,0.11010000,6797.18232,b,l
2026-02-06 05:38:39,0.11010000,21607.11837,b,l
2026-02-06 05:38:39,0.11010000,2240.06939,b,l
2026-02-06 05:38:39,0.11020000,2605.00000,b,l
2026-02-06 05:38:39,0.11020000,1434.37500,b,l
2026-02-06 05:38:39,0.11020000,989.53921,b,l
2026-02-06 05:38:39,0.11020000,1434.37500,b,l
2026-02-06 05:38:39,0.11010000,1318.37033,s,l
2026-02-06 05:38:39,0.11010000,116.00467,s,l
2026-02-06 05:38:46,0.11010000,13623.97820,s,l
2026-02-06 05:38:46,0.11010000,27247.95640,s,l
2026-02-06 05:38:46,0.11010000,20500.40952,s,l
2026-02-06 05:38:46,0.11010000,5299.54136,s,l
2026-02-06 05:38:46,0.11010000,3783.11077,s,l
2026-02-06 05:38:46,0.11010000,2962.00000,s,l
2026-02-06 05:38:46,0.11010000,1434.37500,b,l
2026-02-06 05:39:27,0.11020000,648.15907,b,m
2026-02-06 05:43:39,0.11020000,88.53100,b,l
2026-02-06 05:45:27,0.11020000,648.76596,b,m
2026-02-06 05:46:27,0.11020000,580.94600,b,l
2026-02-06 05:50:48,0.11050000,236.64754,b,l
2026-02-06 05:51:06,0.11030000,1434.37500,s,m
2026-02-06 05:51:06,0.11030000,217.75901,s,m
2026-02-06 05:51:27,0.11070000,647.55331,b,m
2026-02-06 05:51:48,0.11090000,5.46000,b,l
2026-02-06 05:51:48,0.11090000,2.81251,b,l
2026-02-06 05:51:48,0.11090000,27.53718,b,l
2026-02-06 05:52:25,0.11100000,14.07129,s,m
2026-02-06 05:54:27,0.11140000,645.14157,b,m
2026-02-06 05:56:08,0.11060000,1420.86331,b,m
2026-02-06 06:01:33,0.11120000,126.82500,b,l
2026-02-06 06:07:50,0.11130000,1434.37500,b,l
2026-02-06 06:08:17,0.11110000,1420.86331,s,m
2026-02-06 06:11:50,0.11090000,517.13250,s,l
2026-02-06 06:11:50,0.11090000,8500.00005,s,l
2026-02-06 06:13:19,0.11090000,100.00000,s,l
2026-02-06 06:17:41,0.11060000,74.48790,s,m
2026-02-06 06:18:45,0.11100000,35.71134,b,m
2026-02-06 06:21:31,0.11060000,632.91140,s,l
2026-02-06 06:23:18,0.11080000,913.09200,b,l
2026-02-06 06:32:14,0.11010000,5.46000,s,l
2026-02-06 06:39:11,0.10950000,36.26606,s,l
2026-02-06 06:39:42,0.10960000,5.46000,b,l
2026-02-06 06:40:44,0.10970000,5.46000,b,l
2026-02-06 06:43:02,0.10960000,91.24088,b,m
2026-02-06 06:43:50,0.10960000,5.46000,b,l
2026-02-06 06:44:21,0.10940000,83.21403,s,l
2026-02-06 06:44:21,0.10930000,5.46000,s,l
2026-02-06 06:44:21,0.10930000,418.49005,s,l
2026-02-06 06:44:21,0.10930000,648.60175,s,l
2026-02-06 06:44:21,0.10930000,6465.27850,s,l
2026-02-06 06:44:21,0.10930000,25500.00000,s,l
2026-02-06 06:44:21,0.10930000,8500.00000,s,l
2026-02-06 06:44:21,0.10930000,1000.92129,s,l
2026-02-06 06:44:21,0.10930000,9141.95751,s,l
2026-02-06 06:44:21,0.10930000,9143.27595,s,l
2026-02-06 06:44:21,0.10930000,22861.23381,s,l
2026-02-06 06:44:23,0.10920000,5.46000,b,l
2026-02-06 06:45:31,0.10930000,1113.65556,s,l
2026-02-06 06:46:24,0.10900000,5.46000,b,l
2026-02-06 06:47:11,0.10890000,5.46000,b,l
2026-02-06 06:47:58,0.10920000,5.46000,b,l
2026-02-06 06:48:37,0.10910000,5.46000,b,l
2026-02-06 06:55:06,0.10880000,223.96900,b,l
2026-02-06 06:55:25,0.10860000,9.20464,s,l
2026-02-06 06:55:25,0.10860000,9.20464,s,l
2026-02-06 06:55:28,0.10870000,1333.28000,b,l
2026-02-06 06:56:48,0.10860000,9.20572,s,l
2026-02-06 06:56:48,0.10860000,3.22250,s,l
2026-02-06 06:58:29,0.10890000,5.46000,b,l
2026-02-06 06:59:10,0.10860000,8500.00000,s,l
2026-02-06 06:59:10,0.10860000,708.10313,s,l
2026-02-06 06:59:10,0.10860000,4654.58907,s,l
2026-02-06 06:59:10,0.10860000,2742.31030,s,l
2026-02-06 06:59:10,0.10860000,1811.20376,s,l
2026-02-06 06:59:10,0.10860000,6688.79624,s,l
2026-02-06 06:59:10,0.10860000,16331.46158,s,l
2026-02-06 06:59:10,0.10860000,23020.25782,s,l
2026-02-06 06:59:10,0.10860000,23020.25782,s,l
2026-02-06 06:59:11,0.10850000,9.20452,s,l
2026-02-06 06:59:11,0.10850000,27.66183,s,l
2026-02-06 06:59:11,0.10840000,240.74958,s,l
2026-02-06 06:59:28,0.10850000,5.45970,b,l
2026-02-06 07:00:16,0.10860000,5.46000,b,l
2026-02-06 07:01:21,0.10840000,5.46000,b,l
2026-02-06 07:01:39,0.10830000,5.46000,b,l
2026-02-06 07:01:55,0.10840000,5.46000,b,l
2026-02-06 07:02:26,0.10830000,5.46000,b,l
2026-02-06 07:03:03,0.10830000,5.46000,b,l
2026-02-06 07:03:21,0.10830000,5.46000,b,l
2026-02-06 07:03:51,0.10820000,5.46000,b,l
2026-02-06 07:05:38,0.10840000,5.46000,b,l
2026-02-06 07:05:57,0.10840000,5.46000,b,l
2026-02-06 07:06:51,0.10840000,5.46000,b,l
2026-02-06 07:07:22,0.10810000,5.46000,b,l
2026-02-06 07:08:04,0.10770000,9.28021,s,l
2026-02-06 07:08:04,0.10770000,9.28021,s,l
2026-02-06 07:08:04,0.10770000,18.57978,s,l
2026-02-06 07:08:22,0.10750000,5.46000,b,l
2026-02-06 07:08:54,0.10750000,5.46000,b,l
2026-02-06 07:09:26,0.10750000,5.46000,b,l
2026-02-06 07:10:10,0.10750000,5.46000,b,l
2026-02-06 07:10:56,0.10740000,5.46000,b,l
2026-02-06 07:11:58,0.10740000,5.46000,b,l
2026-02-06 07:12:18,0.10740000,74.48790,b,m
2026-02-06 07:12:36,0.10740000,5.46000,b,l
2026-02-06 07:12:53,0.10740000,5.46000,b,l
2026-02-06 07:13:25,0.10750000,5.46000,b,l
2026-02-06 07:14:03,0.10750000,5.46000,b,l
2026-02-06 07:14:35,0.10750000,5.46000,b,l
2026-02-06 07:14:51,0.10750000,5.46000,b,l
2026-02-06 07:15:10,0.10750000,5.46000,b,l
2026-02-06 07:15:41,0.10760000,5.46000,b,l
2026-02-06 07:16:47,0.10730000,5.46000,b,l
2026-02-06 07:17:19,0.10740000,5.46000,b,l
2026-02-06 07:18:10,0.10730000,5.46000,b,l
2026-02-06 07:19:14,0.10740000,5.46000,b,l
2026-02-06 07:19:47,0.10740000,5.46000,b,l
2026-02-06 07:21:22,0.10790000,5.46000,b,l
2026-02-06 07:21:48,0.10780000,771.00000,s,l
2026-02-06 07:21:55,0.10800000,5.46000,b,l
2026-02-06 07:22:00,0.10780000,8500.00000,s,l
2026-02-06 07:22:00,0.10780000,776.43784,s,l
2026-02-06 07:22:00,0.10780000,1672.82434,s,l
2026-02-06 07:22:14,0.10770000,5.46000,b,l
2026-02-06 07:23:12,0.10790000,5.46000,b,l
2026-02-06 07:23:30,0.10790000,5.46000,b,l
2026-02-06 07:23:46,0.10780000,5.46000,b,l
2026-02-06 07:24:34,0.10760000,5.46000,b,l
2026-02-06 07:26:22,0.10780000,5.46000,b,l
2026-02-06 07:27:24,0.10760000,5.46000,b,l
2026-02-06 07:27:41,0.10770000,5.46000,b,l
2026-02-06 07:28:18,0.10760000,5.46000,b,l
2026-02-06 07:28:56,0.10800000,5.46000,b,l
2026-02-06 07:29:27,0.10800000,5.46000,b,l
2026-02-06 07:29:44,0.10800000,5.46000,b,l
2026-02-06 07:30:01,0.10800000,5.46000,b,l
2026-02-06 07:30:33,0.10800000,5.46000,b,l
2026-02-06 07:30:49,0.10810000,5.46000,b,l
2026-02-06 07:31:36,0.10830000,5.46000,b,l
2026-02-06 07:31:47,0.10810000,34.67312,s,l
2026-02-06 07:31:53,0.10830000,5.46000,b,l
2026-02-06 07:32:26,0.10830000,5.46000,b,l
2026-02-06 07:32:42,0.10830000,5.46000,b,l
2026-02-06 07:33:12,0.10830000,5.46000,b,l
2026-02-06 07:33:31,0.10830000,5.46000,b,l
2026-02-06 07:33:47,0.10830000,5.46000,b,l
2026-02-06 07:34:04,0.10830000,5.46000,b,l
2026-02-06 07:34:22,0.10830000,5.46000,b,l
2026-02-06 07:34:39,0.10830000,5.46000,b,l
2026-02-06 07:34:55,0.10840000,5.46000,b,l
2026-02-06 07:35:13,0.10830000,5.46000,b,l
2026-02-06 07:35:30,0.10830000,5.46000,b,l
2026-02-06 07:35:47,0.10830000,5.46000,b,l
2026-02-06 07:36:03,0.10850000,5.46000,b,l
2026-02-06 07:36:22,0.10850000,5.46000,b,l
2026-02-06 07:36:38,0.10840000,5.46000,b,l
2026-02-06 07:36:55,0.10840000,5.46000,b,l
2026-02-06 07:37:13,0.10840000,5.46000,b,l
2026-02-06 07:37:29,0.10830000,5.46000,b,l
2026-02-06 07:37:46,0.10820000,5.46000,b,l
2026-02-06 07:38:02,0.10830000,5.46000,b,l
2026-02-06 07:38:21,0.10840000,5.46000,b,l
2026-02-06 07:38:37,0.10840000,5.46000,b,l
2026-02-06 07:38:54,0.10830000,5.46000,b,l
2026-02-06 07:39:11,0.10840000,5.46000,b,l
2026-02-06 07:39:28,0.10830000,5.46000,b,l
2026-02-06 07:39:44,0.10830000,5.46000,b,l
2026-02-06 07:40:01,0.10840000,5.46000,b,l
2026-02-06 07:40:19,0.10830000,5.46000,b,l
2026-02-06 07:40:36,0.10820000,5.46000,b,l
2026-02-06 07:40:52,0.10820000,5.46000,b,l
2026-02-06 07:41:11,0.10830000,5.46000,b,l
2026-02-06 07:41:27,0.10840000,5.46000,b,l
2026-02-06 07:41:44,0.10850000,5.46000,b,l
2026-02-06 07:41:49,0.10850000,31.68020,b,l
2026-02-06 07:42:18,0.10850000,5.46000,b,l
2026-02-06 07:50:36,0.10770000,5.46000,s,l
2026-02-06 07:50:45,0.10770000,5.46000,b,l
2026-02-06 07:51:01,0.10800000,5.46000,b,l
2026-02-06 07:51:20,0.10810000,5.46000,b,l
2026-02-06 07:51:36,0.10800000,5.46000,b,l
2026-02-06 07:51:53,0.10810000,5.46000,b,l
2026-02-06 07:52:11,0.10800000,5.46000,b,l
2026-02-06 07:52:28,0.10800000,5.46000,b,l
2026-02-06 07:52:44,0.10800000,5.46000,b,l
2026-02-06 07:53:01,0.10820000,5.46000,b,l
2026-02-06 07:53:19,0.10810000,5.46000,b,l
2026-02-06 07:53:36,0.10810000,5.46000,b,l
2026-02-06 07:53:52,0.10800000,5.46000,b,l
2026-02-06 07:54:24,0.10770000,5.46000,b,l
2026-02-06 07:54:24,0.10770000,13.88888,b,m
2026-02-06 07:54:54,0.10770000,5.46000,b,l
2026-02-06 07:55:13,0.10780000,5.46000,b,l
2026-02-06 07:56:28,0.10790000,5.46000,b,l
2026-02-06 07:57:05,0.10790000,5.46000,b,l
2026-02-06 07:57:38,0.10780000,5.46000,b,l
2026-02-06 07:57:54,0.10780000,5.46000,b,l
2026-02-06 07:58:41,0.10770000,5.46000,b,l
2026-02-06 07:59:18,0.10770000,5.46000,b,l
2026-02-06 07:59:36,0.10770000,5.46000,b,l
2026-02-06 08:00:06,0.10780000,5.46000,b,l
2026-02-06 08:00:29,0.10770000,5.46000,b,l
2026-02-06 08:01:08,0.10790000,250.58044,b,m
2026-02-06 08:01:12,0.10780000,5.46000,b,l
2026-02-06 08:01:49,0.10780000,5.46000,b,l
2026-02-06 08:02:38,0.10770000,5.46000,b,l
2026-02-06 08:03:51,0.10750000,5.46000,b,l
2026-02-06 08:04:10,0.10760000,5.46000,b,l
2026-02-06 08:04:40,0.10740000,5.46000,b,l
2026-02-06 08:05:24,0.10790000,5.46000,b,l
2026-02-06 08:05:25,0.10790000,2693.90000,b,l
2026-02-06 08:05:25,0.10790000,5806.10000,b,l
2026-02-06 08:05:25,0.10790000,3469.70044,b,l
2026-02-06 08:05:25,0.10790000,2849.42146,b,l
2026-02-06 08:05:25,0.10790000,1559.37933,b,l
2026-02-06 08:05:26,0.10800000,339.84425,b,l
2026-02-06 08:05:26,0.10800000,281.65455,b,l
2026-02-06 08:05:26,0.10800000,95.92410,b,l
2026-02-06 08:05:26,0.10800000,621.49870,b,l
2026-02-06 08:05:41,0.10790000,9267.84059,b,l
2026-02-06 08:05:42,0.10810000,5.46000,b,l
2026-02-06 08:09:35,0.10840000,1434.37500,b,m
2026-02-06 08:09:35,0.10840000,3265.62500,b,m
2026-02-06 08:14:54,0.10810000,25.01216,s,l
2026-02-06 08:14:55,0.10810000,12.49483,s,l
2026-02-06 08:19:49,0.10710000,8.99341,s,l
2026-02-06 08:19:49,0.10710000,8.99341,s,l
2026-02-06 08:19:49,0.10710000,345.66459,s,l
2026-02-06 08:19:57,0.10720000,506.51640,b,l
2026-02-06 08:19:57,0.10720000,8500.00000,b,l
2026-02-06 08:19:57,0.10720000,2243.10000,b,l
2026-02-06 08:19:57,0.10720000,5539.47720,b,l
2026-02-06 08:20:03,0.10740000,646.34519,s,m
2026-02-06 08:20:11,0.10740000,1434.37500,s,l
2026-02-06 08:20:36,0.10750000,5.46000,b,l
2026-02-06 08:23:17,0.10790000,38.86200,b,l
2026-02-06 08:24:23,0.10750000,6.65288,b,m
2026-02-06 08:25:50,0.10770000,9285.05106,b,l
2026-02-06 08:25:51,0.10780000,7714.94900,b,l
2026-02-06 08:25:51,0.10780000,1569.49878,b,l
2026-02-06 08:25:51,0.10780000,6930.50122,b,l
2026-02-06 08:25:51,0.10780000,1114.18647,b,l
2026-02-06 08:26:39,0.10790000,97.65600,s,l
2026-02-06 08:27:07,0.10780000,95.99800,b,l
2026-02-06 08:27:23,0.10760000,2849.42146,s,l
2026-02-06 08:27:23,0.10760000,6839.08514,s,l
2026-02-06 08:27:23,0.10760000,7101.43530,s,l
2026-02-06 08:27:23,0.10760000,1398.56470,s,l
2026-02-06 08:27:23,0.10760000,7606.39570,s,l
2026-02-06 08:27:23,0.10760000,280.71468,s,l
2026-02-06 08:27:23,0.10760000,642.12352,s,l
2026-02-06 08:27:23,0.10760000,22573.52446,s,l
2026-02-06 08:27:23,0.10760000,2926.47554,s,l
2026-02-06 08:27:23,0.10760000,11012.17970,s,l
2026-02-06 08:27:23,0.10760000,2895.10010,s,l
2026-02-06 08:27:23,0.10760000,346.95280,s,l
2026-02-06 08:27:23,0.10760000,6039.57407,s,l
2026-02-06 08:27:23,0.10760000,1112.65397,s,l
2026-02-06 08:27:23,0.10760000,23230.97515,s,l
2026-02-06 08:27:23,0.10760000,9286.44606,s,l
2026-02-06 08:27:23,0.10750000,10921.07000,s,l
2026-02-06 08:27:23,0.10750000,23230.00000,s,l
2026-02-06 08:27:23,0.10750000,81922.21910,s,l
2026-02-06 08:27:23,0.10750000,8500.00000,s,l
2026-02-06 08:27:23,0.10750000,476.80720,s,l
2026-02-06 08:27:23,0.10750000,4976.68117,s,l
2026-02-06 08:27:23,0.10750000,3523.31883,s,l
2026-02-06 08:27:23,0.10750000,3523.31883,s,l
2026-02-06 08:27:23,0.10750000,8500.00000,s,l
2026-02-06 08:27:23,0.10750000,8500.00000,s,l
2026-02-06 08:27:23,0.10750000,223.00000,s,l
2026-02-06 08:27:23,0.10750000,223.00000,s,l
2026-02-06 08:27:23,0.10750000,1433.65781,b,l
2026-02-06 08:27:24,0.10730000,1434.37500,s,l
2026-02-06 08:27:25,0.10730000,1434.37500,s,l
2026-02-06 08:27:27,0.10730000,1434.37500,s,l
2026-02-06 08:28:58,0.10730000,95.99800,s,l
2026-02-06 08:29:03,0.10740000,8500.00000,b,l
2026-02-06 08:29:03,0.10740000,1261.85820,b,l
2026-02-06 08:30:04,0.10730000,645.14157,s,m
2026-02-06 08:31:04,0.10700000,22.19947,s,l
2026-02-06 08:33:37,0.10690000,7.73951,s,l
2026-02-06 08:33:37,0.10690000,23.10815,s,l
2026-02-06 08:33:37,0.10690000,37.41805,s,l
2026-02-06 08:34:08,0.10680000,300.00000,s,l
2026-02-06 08:34:58,0.10680000,5.88166,s,m
2026-02-06 08:39:52,0.10770000,5.46000,b,l
2026-02-06 08:40:30,0.10750000,5.46000,b,l
2026-02-06 08:40:41,0.10730000,384.24487,b,l
2026-02-06 08:40:46,0.10740000,5.45970,b,l
2026-02-06 08:40:50,0.10720000,645.14157,s,m
2026-02-06 08:41:03,0.10710000,5.46000,b,l
2026-02-06 08:41:50,0.10710000,5.46000,b,l
2026-02-06 08:42:09,0.10710000,5.46000,b,l
2026-02-06 08:42:54,0.10710000,5.46000,b,l
2026-02-06 08:43:11,0.10690000,5.46000,b,l
2026-02-06 08:43:55,0.10720000,5.46000,b,l
2026-02-06 08:44:04,0.10720000,8500.00000,b,l
2026-02-06 08:44:04,0.10720000,828.35820,b,l
2026-02-06 08:44:04,0.10720000,2619.10000,b,l
2026-02-06 08:44:13,0.10730000,5.46000,b,l
2026-02-06 08:44:43,0.10720000,5.46000,b,l
2026-02-06 08:44:59,0.10720000,5.46000,b,l
2026-02-06 08:45:25,0.10720000,8500.00000,b,l
2026-02-06 08:45:25,0.10720000,828.35820,b,l
2026-02-06 08:45:25,0.10720000,2883.90000,b,l
2026-02-06 08:45:25,0.10730000,13772.66990,b,l
2026-02-06 08:45:25,0.10730000,2081.45420,b,l
2026-02-06 08:45:25,0.10730000,3531.62620,b,l
2026-02-06 08:45:25,0.10730000,191.07260,b,l
2026-02-06 08:45:25,0.10730000,1771.14350,b,l
2026-02-06 08:45:25,0.10730000,2034.03360,b,l
2026-02-06 08:45:25,0.10730000,24212.18810,b,l
2026-02-06 08:45:25,0.10730000,806.98700,b,l
2026-02-06 08:45:25,0.10730000,168.24420,b,l
2026-02-06 08:45:25,0.10730000,2864.12990,b,l
2026-02-06 08:45:25,0.10730000,2974.19150,b,l
2026-02-06 08:45:25,0.10730000,29594.53590,b,l
2026-02-06 08:45:25,0.10730000,5171.97478,b,l
2026-02-06 08:45:25,0.10730000,3974.89382,b,l
2026-02-06 08:45:25,0.10730000,5352.83146,b,l
2026-02-06 08:45:25,0.10730000,23312.27025,b,l
2026-02-06 08:45:25,0.10730000,1517.36529,b,l
2026-02-06 08:45:25,0.10730000,8500.00000,b,l
2026-02-06 08:45:31,0.10730000,5.46000,b,l
2026-02-06 08:45:47,0.10730000,5.46000,b,l
2026-02-06 08:46:19,0.10750000,5.46000,b,l
2026-02-06 08:46:40,0.10730000,8500.00000,b,l
2026-02-06 08:46:40,0.10730000,819.66449,b,l
2026-02-06 08:46:40,0.10730000,7680.33551,b,l
2026-02-06 08:46:40,0.10730000,1639.32898,b,l
2026-02-06 08:46:40,0.10730000,6860.67102,b,l
2026-02-06 08:46:40,0.10730000,8500.00000,b,l
2026-02-06 08:46:40,0.10730000,7938.49021,b,l
2026-02-06 08:46:40,0.10730000,561.50979,b,l
2026-02-06 08:46:40,0.10730000,6644.01260,b,l
2026-02-06 08:46:40,0.10730000,3107.20000,b,l
2026-02-06 08:47:02,0.10750000,5.45970,b,l
2026-02-06 08:47:50,0.10760000,5.45970,b,l
2026-02-06 08:48:08,0.10770000,5.45970,b,l
2026-02-06 08:48:24,0.10770000,5.46000,b,l
2026-02-06 08:48:41,0.10770000,5.46000,b,l
2026-02-06 08:48:57,0.10760000,5.46000,b,l
2026-02-06 08:49:17,0.10770000,5.45970,b,l
2026-02-06 08:49:33,0.10770000,5.46000,b,l
2026-02-06 08:49:40,0.10760000,130.58800,s,l
2026-02-06 08:49:50,0.10770000,5.45970,b,l
2026-02-06 08:50:08,0.10770000,5.46000,b,l
2026-02-06 08:50:24,0.10770000,4.65865,b,l
2026-02-06 08:50:24,0.10780000,0.80135,b,l
2026-02-06 09:05:34,0.10750000,1434.37500,b,l
2026-02-06 09:05:34,0.10750000,9302.32558,b,l
2026-02-06 09:05:34,0.10750000,2293.30000,b,l
2026-02-06 09:05:34,0.10750000,9.30669,s,l
2026-02-06 09:05:34,0.10760000,5407.49841,b,l
2026-02-06 09:05:34,0.10760000,5430.92818,b,l
2026-02-06 09:05:34,0.10760000,1434.37500,s,l
2026-02-06 09:05:34,0.10780000,263.00000,b,l
2026-02-06 09:05:34,0.10780000,465.00000,b,l
2026-02-06 09:05:34,0.10780000,465.00000,b,l
2026-02-06 09:05:34,0.10780000,241.37500,b,l
2026-02-06 09:05:34,0.10780000,141.62500,b,l
2026-02-06 09:07:20,0.10740000,52.90221,s,m
2026-02-06 09:07:42,0.10770000,5.45970,b,l
2026-02-06 09:08:13,0.10780000,5.46000,b,l
2026-02-06 09:10:00,0.10760000,82.85116,b,l
2026-02-06 09:10:00,0.10760000,82.85116,b,l
2026-02-06 09:10:00,0.10760000,20.17128,b,l
2026-02-06 09:10:18,0.10770000,5.45970,b,l
2026-02-06 09:10:53,0.10760000,5.46000,b,l
2026-02-06 09:11:25,0.10760000,5.45970,b,l
2026-02-06 09:12:38,0.10750000,5.45970,b,l
2026-02-06 09:13:16,0.10760000,5.45970,b,l
2026-02-06 09:14:47,0.10780000,979.22600,b,l
2026-02-06 09:15:03,0.10770000,5.45970,b,l
2026-02-06 09:15:14,0.10750000,2849.42146,s,l
2026-02-06 09:15:14,0.10750000,5650.57854,s,l
2026-02-06 09:15:14,0.10750000,3644.24196,s,l
2026-02-06 09:15:14,0.10750000,4855.75804,s,l
2026-02-06 09:15:14,0.10750000,4440.30609,s,l
2026-02-06 09:15:14,0.10750000,4059.69391,s,l
2026-02-06 09:15:14,0.10750000,8500.00000,s,l
2026-02-06 09:15:14,0.10750000,10683.37957,s,l
2026-02-06 09:15:14,0.10750000,19316.62043,s,l
2026-02-06 09:15:14,0.10750000,3932.01859,s,l
2026-02-06 09:15:14,0.10750000,4567.98141,s,l
2026-02-06 09:15:14,0.10750000,8500.00000,s,l
2026-02-06 09:16:41,0.10770000,16.07100,s,l
2026-02-06 09:20:29,0.10790000,1434.37500,s,l
2026-02-06 09:24:09,0.10820000,436.99920,b,l
2026-02-06 09:24:09,0.10830000,9237.06664,b,l
2026-02-06 09:24:09,0.10830000,9238.31544,b,l
2026-02-06 09:24:09,0.10830000,5207.03822,b,l
2026-02-06 09:24:09,0.10830000,7492.49070,b,l
2026-02-06 09:24:09,0.10830000,8500.00000,b,l
2026-02-06 09:24:09,0.10830000,1892.19586,b,l
2026-02-06 09:24:12,0.10850000,5.46000,b,l
2026-02-06 09:30:51,0.10860000,18.31355,s,l
2026-02-06 09:32:24,0.10900000,1434.37500,b,m
2026-02-06 09:32:24,0.10900000,508.21378,b,m
2026-02-06 09:32:24,0.10900000,9182.09973,b,m
2026-02-06 09:32:24,0.10900000,698.06940,b,m
2026-02-06 09:32:57,0.10920000,30.34969,b,l
2026-02-06 09:32:58,0.10930000,36.86635,b,l
2026-02-06 09:32:58,0.10930000,106.33405,b,l
2026-02-06 09:34:06,0.10970000,1040.66400,b,l
2026-02-06 09:34:47,0.10960000,2849.42140,s,l
2026-02-06 09:36:16,0.10990000,1434.37500,b,l
2026-02-06 09:36:16,0.11000000,24.62500,b,l
2026-02-06 09:36:16,0.11000000,660.00000,b,l
2026-02-06 09:40:03,0.10990000,17.84200,b,l
2026-02-06 09:43:57,0.11010000,5.46000,b,l
2026-02-06 09:48:19,0.11050000,236.64754,b,l
2026-02-06 09:49:01,0.11090000,5.46000,b,l
2026-02-06 09:49:01,0.11090000,30.34969,b,l
2026-02-06 09:49:24,0.11100000,16.73525,s,l
2026-02-06 09:49:24,0.11100000,48731.01250,s,l
2026-02-06 09:49:32,0.11110000,646.34519,b,m
2026-02-06 09:49:34,0.11110000,180.18018,b,m
2026-02-06 09:51:33,0.11130000,645.14157,b,m
2026-02-06 09:53:49,0.11100000,774.12833,s,m
2026-02-06 09:55:32,0.11100000,645.14157,b,m
2026-02-06 09:59:06,0.11070000,1434.37500,s,l
2026-02-06 09:59:06,0.11070000,906.01500,s,l
2026-02-06 09:59:37,0.11070000,585.09700,s,l
2026-02-06 10:00:00,0.11090000,1371.84116,b,m
2026-02-06 10:01:57,0.11120000,197.75060,b,l
2026-02-06 10:02:12,0.11100000,243.60720,b,l
2026-02-06 10:02:12,0.11100000,3882.06290,b,l
2026-02-06 10:02:12,0.11100000,2167.89720,b,l
2026-02-06 10:02:12,0.11100000,2290.53960,b,l
2026-02-06 10:02:12,0.11100000,424.90210,b,l
2026-02-06 10:02:48,0.11080000,1434.37500,s,l
2026-02-06 10:18:07,0.11140000,3529.77700,b,l
2026-02-06 10:20:31,0.11170000,5.46000,b,l
2026-02-06 10:20:36,0.11190000,324.41180,b,l
2026-02-06 10:20:48,0.11170000,1371.84116,s,m
2026-02-06 10:22:30,0.11110000,4489.17669,b,l
2026-02-06 10:22:30,0.11110000,1434.37500,b,l
2026-02-06 10:23:19,0.11110000,933.94779,b,m
2026-02-06 10:23:19,0.11110000,1434.37500,b,m
2026-02-06 10:23:19,0.11110000,4494.72977,b,m
2026-02-06 10:23:19,0.11120000,1104.36026,b,m
2026-02-06 10:23:42,0.11110000,16.57241,b,m
2026-02-06 10:25:52,0.11140000,6.21465,b,m
2026-02-06 10:25:58,0.11140000,1365.06511,b,m
2026-02-06 10:37:36,0.11130000,32.17071,s,l
2026-02-06 10:39:15,0.11160000,8960.57347,b,l
2026-02-06 10:39:15,0.11160000,1434.37500,b,l
2026-02-06 10:39:15,0.11160000,605.05153,b,l
2026-02-06 10:42:32,0.11140000,28.01400,s,l
2026-02-06 11:02:10,0.11160000,720.24202,b,l
2026-02-06 11:14:25,0.11190000,89.47510,b,l
2026-02-06 11:17:05,0.11200000,965.87273,b,l
2026-02-06 11:17:05,0.11200000,7534.12727,b,l
2026-02-06 11:17:05,0.11200000,8500.00000,b,l
2026-02-06 11:17:05,0.11200000,8500.00000,b,l
2026-02-06 11:17:05,0.11200000,8500.00000,b,l
2026-02-06 11:17:05,0.11200000,2184.77980,b,l
2026-02-06 11:17:05,0.11200000,2121.13800,b,l
2026-02-06 11:17:05,0.11200000,8500.00000,b,l
2026-02-06 11:17:05,0.11200000,8500.00000,b,l
2026-02-06 11:17:05,0.11200000,326.68830,b,l
2026-02-06 11:17:05,0.11200000,43.94286,b,l
2026-02-06 11:17:46,0.11150000,35.34306,s,l
2026-02-06 11:19:37,0.11130000,74.48790,s,m
2026-02-06 11:20:06,0.11140000,180.18018,s,m
2026-02-06 11:36:32,0.11190000,34.03868,s,l
2026-02-06 12:00:22,0.11140000,619.19754,s,m
2026-02-06 12:01:41,0.11140000,399.96449,s,l
2026-02-06 12:01:55,0.11150000,23.53800,b,l
2026-02-06 12:04:24,0.11130000,224.01900,b,l
2026-02-06 12:06:05,0.11090000,5.46000,s,l
2026-02-06 12:06:16,0.11080000,500.00000,b,m
2026-02-06 12:10:38,0.11090000,625.34481,s,m
2026-02-06 12:22:55,0.11140000,81.36100,b,l
2026-02-06 12:28:49,0.11140000,175.15400,b,l
2026-02-06 12:30:57,0.11110000,1434.37500,s,l
2026-02-06 12:30:57,0.11110000,2518.26800,s,l
2026-02-06 12:37:52,0.11120000,34.20280,s,l
2026-02-06 12:45:57,0.11160000,67.95900,b,l
2026-02-06 12:50:48,0.11140000,842.37234,b,l
2026-02-06 12:50:48,0.11140000,157.62766,b,l
2026-02-06 12:56:18,0.11140000,20.49322,b,l
2026-02-06 13:00:26,0.11150000,8.79300,b,l
2026-02-06 13:04:44,0.11170000,5.46000,b,l
2026-02-06 13:04:44,0.11170000,21000.00000,b,l
2026-02-06 13:07:56,0.11210000,345.06600,b,l
2026-02-06 13:09:23,0.11180000,345.06600,s,l
2026-02-06 13:13:12,0.11210000,27.97500,s,l
2026-02-06 13:13:43,0.11210000,1434.37500,b,m
2026-02-06 13:13:43,0.11220000,236.64754,b,m
2026-02-06 13:13:43,0.11220000,558.41986,b,m
2026-02-06 13:15:07,0.11200000,1365.06511,s,m
2026-02-06 13:15:24,0.11200000,6.96026,b,m
2026-02-06 13:19:19,0.11190000,1413.87025,b,m
2026-02-06 13:19:48,0.11200000,6.64622,s,m
2026-02-06 13:21:00,0.11250000,5.46000,b,l
2026-02-06 13:21:17,0.11250000,13.88888,s,m
2026-02-06 13:21:32,0.11270000,30.34969,b,l
2026-02-06 13:21:56,0.11290000,35.63829,b,m
2026-02-06 13:25:10,0.11240000,1413.87025,s,m
2026-02-06 13:25:55,0.11240000,874.37800,b,l
2026-02-06 13:26:15,0.11230000,825.94500,b,l
2026-02-06 13:26:57,0.11200000,73.39450,s,m
2026-02-06 13:27:38,0.11200000,58.60400,b,l
