timestamp,price,volume,side,type
2026-02-05 22:47:04,0.00017160000,158550.54645,b,l
2026-02-05 22:47:04,0.00017170000,261332.05355,b,l
2026-02-05 23:00:46,0.00017170000,122624.70798,b,l
2026-02-05 23:00:46,0.00017180000,2695913.99202,b,l
2026-02-05 23:20:39,0.00017350000,200000.00000,b,l
2026-02-05 23:20:56,0.00017300000,118906.06421,s,m
2026-02-05 23:22:57,0.00017300000,115606.93642,b,m
2026-02-05 23:27:06,0.00017280000,200000.00000,b,l
2026-02-05 23:27:06,0.00017300000,200000.00000,b,l
2026-02-05 23:27:06,0.00017300000,2926228.86520,b,l
2026-02-05 23:27:06,0.00017310000,722125.93876,b,l
2026-02-05 23:27:06,0.00017310000,200000.00000,b,l
2026-02-05 23:27:06,0.00017320000,200000.00000,b,l
2026-02-05 23:27:06,0.00017350000,854522.89604,b,l
2026-02-05 23:27:06,0.00017260000,90000.00000,s,l
2026-02-05 23:27:06,0.00017260000,110000.00000,s,l
2026-02-05 23:27:06,0.00017260000,200000.00000,s,l
2026-02-05 23:27:06,0.00017260000,200000.00000,s,l
2026-02-05 23:28:59,0.00017320000,200000.00000,b,l
2026-02-05 23:28:59,0.00017360000,352823.70000,b,l
2026-02-05 23:30:29,0.00017320000,90000.00000,s,l
2026-02-05 23:31:50,0.00017360000,90000.00000,s,l
2026-02-05 23:31:50,0.00017360000,110000.00000,s,l
2026-02-05 23:31:50,0.00017350000,320000.00000,s,l
2026-02-05 23:33:48,0.00017290000,90000.00000,s,l
2026-02-05 23:33:55,0.00017300000,57659.30000,b,l
2026-02-05 23:34:05,0.00017250000,200000.00000,s,l
2026-02-05 23:34:06,0.00017250000,90000.00000,s,l
2026-02-05 23:34:06,0.00017250000,90000.00000,s,l
2026-02-05 23:35:09,0.00017210000,206492.00000,s,l
2026-02-05 23:35:09,0.00017210000,116492.00000,s,l
2026-02-05 23:35:09,0.00017210000,90261.00000,s,l
2026-02-05 23:35:17,0.00017120000,182420.33329,s,l
2026-02-05 23:35:47,0.00017080000,200000.00000,s,l
2026-02-05 23:35:47,0.00017070000,200000.00000,s,l
2026-02-05 23:35:47,0.00017070000,500000.00000,s,l
2026-02-05 23:36:13,0.00017090000,119915.31857,s,l
2026-02-05 23:37:52,0.00017090000,459446.44849,s,l
2026-02-05 23:38:39,0.00017120000,601987.10000,b,l
2026-02-05 23:39:00,0.00017060000,90000.00000,s,l
2026-02-05 23:39:10,0.00017060000,98763.00000,s,l
2026-02-05 23:39:10,0.00017060000,101237.00000,s,l
2026-02-05 23:39:10,0.00017050000,143993.00000,s,l
2026-02-05 23:41:49,0.00016990000,200000.00000,s,l
2026-02-05 23:42:10,0.00016940000,115606.93642,s,m
2026-02-05 23:42:10,0.00016980000,117716.30371,b,m
2026-02-05 23:51:26,0.00017050000,268829.90000,b,l
2026-02-05 23:51:34,0.00017020000,28386.06360,s,l
2026-02-05 23:51:34,0.00017020000,200000.00000,s,l
2026-02-05 23:51:35,0.00017020000,14748.36470,s,l
2026-02-05 23:51:35,0.00017020000,14748.36470,s,l
2026-02-05 23:51:35,0.00017020000,200000.00000,s,l
2026-02-05 23:51:35,0.00017020000,129661.27280,s,l
2026-02-05 23:52:15,0.00016980000,147232.03760,s,l
2026-02-05 23:52:41,0.00016940000,12129.64920,s,l
2026-02-05 23:52:41,0.00016940000,200000.00001,s,l
2026-02-05 23:52:49,0.00016880000,118187.90000,b,l
2026-02-05 23:56:57,0.00016930000,738334.31777,b,l
2026-02-05 23:59:23,0.00016880000,260000.00000,s,l
2026-02-05 23:59:24,0.00016870000,140000.00000,s,l
2026-02-06 00:00:32,0.00016920000,200000.00000,s,l
2026-02-06 00:00:32,0.00016910000,200000.00000,s,l
2026-02-06 00:00:32,0.00016910000,500000.00000,s,l
2026-02-06 00:00:32,0.00016910000,881221.40000,s,l
2026-02-06 00:01:40,0.00016950000,200000.00000,s,l
2026-02-06 00:01:40,0.00016950000,14748.36470,s,l
2026-02-06 00:01:40,0.00016950000,200000.00000,s,l
2026-02-06 00:01:40,0.00016950000,63990.07008,s,l
2026-02-06 00:02:39,0.00016900000,714889.51855,b,l
2026-02-06 00:02:41,0.00016900000,649055.33399,b,l
2026-02-06 00:02:44,0.00016940000,590318.77213,s,l
2026-02-06 00:03:03,0.00016860000,200000.00000,s,l
2026-02-06 00:03:03,0.00016860000,200000.00000,s,l
2026-02-06 00:03:04,0.00016840000,94091.00000,s,l
2026-02-06 00:03:07,0.00016840000,90000.00000,s,l
2026-02-06 00:03:12,0.00016810000,14748.36470,s,l
2026-02-06 00:03:12,0.00016810000,114800.02840,s,l
2026-02-06 00:03:12,0.00016810000,200000.00000,s,l
2026-02-06 00:03:12,0.00016810000,14748.36470,s,l
2026-02-06 00:03:12,0.00016810000,14748.36470,s,l
2026-02-06 00:03:12,0.00016810000,200000.00000,s,l
2026-02-06 00:03:12,0.00016810000,200000.00000,s,l
2026-02-06 00:03:12,0.00016810000,200000.00000,s,l
2026-02-06 00:03:12,0.00016810000,14748.36470,s,l
2026-02-06 00:03:12,0.00016810000,11509.81180,s,l
2026-02-06 00:03:12,0.00016810000,41812.10000,s,l
2026-02-06 00:03:12,0.00016810000,14748.36470,s,l
2026-02-06 00:03:12,0.00016810000,200000.00000,s,l
2026-02-06 00:03:12,0.00016810000,200000.00000,s,l
2026-02-06 00:03:12,0.00016810000,200000.00000,s,l
2026-02-06 00:03:12,0.00016810000,14748.36470,s,l
2026-02-06 00:03:12,0.00016810000,200000.00000,s,l
2026-02-06 00:03:12,0.00016810000,200000.00000,s,l
2026-02-06 00:03:12,0.00016810000,200000.00000,s,l
2026-02-06 00:04:25,0.00016840000,198705.80000,s,l
2026-02-06 00:05:27,0.00016820000,198848.51276,s,l
2026-02-06 00:06:06,0.00016710000,200000.00000,s,l
2026-02-06 00:06:06,0.00016710000,200000.00000,s,l
2026-02-06 00:06:14,0.00016700000,200000.00000,s,l
2026-02-06 00:06:14,0.00016700000,500000.00000,s,l
2026-02-06 00:06:15,0.00016690000,200000.00000,s,l
2026-02-06 00:06:15,0.00016690000,500000.00000,s,l
2026-02-06 00:06:15,0.00016680000,200000.00000,s,l
2026-02-06 00:06:15,0.00016680000,500000.00000,s,l
2026-02-06 00:06:27,0.00016600000,117716.30371,s,m
2026-02-06 00:06:40,0.00016620000,200000.00000,s,l
2026-02-06 00:06:40,0.00016610000,2976826.74074,s,l
2026-02-06 00:06:40,0.00016600000,82283.69629,s,l
2026-02-06 00:06:40,0.00016600000,2017693.46297,s,l
2026-02-06 00:06:58,0.00016760000,745823.38902,b,l
2026-02-06 00:07:01,0.00016770000,737828.92199,b,l
2026-02-06 00:08:28,0.00016880000,119260.58438,b,m
2026-02-06 00:08:30,0.00016780000,595947.55661,s,l
2026-02-06 00:08:35,0.00016830000,200000.00000,b,l
2026-02-06 00:09:03,0.00016770000,297088.53200,s,l
2026-02-06 00:09:12,0.00016740000,200000.00000,b,l
2026-02-06 00:09:12,0.00016750000,85312.40000,b,l
2026-02-06 00:09:16,0.00016660000,600240.09603,s,l
2026-02-06 00:09:20,0.00016630000,500000.00000,s,l
2026-02-06 00:09:21,0.00016620000,500000.00000,s,l
2026-02-06 00:09:22,0.00016620000,200000.00000,s,l
2026-02-06 00:10:06,0.00016730000,200000.00000,b,l
2026-02-06 00:10:59,0.00016650000,200000.00000,b,l
2026-02-06 00:10:59,0.00016670000,87211.60000,b,l
2026-02-06 00:11:15,0.00016620000,9876.93200,b,l
2026-02-06 00:11:15,0.00016620000,200000.00000,b,l
2026-02-06 00:11:20,0.00016570000,596501.21764,s,l
2026-02-06 00:11:33,0.00016610000,554481.20604,b,l
2026-02-06 00:11:33,0.00016620000,14748.36470,b,l
2026-02-06 00:11:33,0.00016620000,86884.51510,b,l
2026-02-06 00:11:33,0.00016620000,200000.00000,b,l
2026-02-06 00:12:01,0.00016500000,8181.81810,s,l
2026-02-06 00:12:10,0.00016560000,200000.00000,b,l
2026-02-06 00:12:10,0.00016560000,200000.00000,b,l
2026-02-06 00:12:33,0.00016570000,200000.00000,b,l
2026-02-06 00:12:33,0.00016580000,200000.00000,b,l
2026-02-06 00:12:33,0.00016580000,500000.00000,b,l
2026-02-06 00:12:33,0.00016580000,1557021.10000,b,l
2026-02-06 00:13:14,0.00016470000,153743.35090,s,l
2026-02-06 00:13:19,0.00016400000,103271.23890,s,l
2026-02-06 00:13:19,0.00016370000,14748.36470,s,l
2026-02-06 00:13:19,0.00016370000,181980.39640,s,l
2026-02-06 00:13:19,0.00016370000,200000.00000,s,l
2026-02-06 00:13:19,0.00016370000,200000.00000,s,l
2026-02-06 00:13:19,0.00016370000,200000.00000,s,l
2026-02-06 00:13:19,0.00016370000,70503.27060,s,l
2026-02-06 00:13:19,0.00016370000,200000.00000,s,l
2026-02-06 00:13:19,0.00016370000,14748.36470,s,l
2026-02-06 00:13:19,0.00016370000,146256.64910,s,l
2026-02-06 00:13:19,0.00016370000,200000.00000,s,l
2026-02-06 00:13:19,0.00016370000,14748.36470,s,l
2026-02-06 00:13:19,0.00016370000,200000.00000,s,l
2026-02-06 00:13:32,0.00016280000,119260.58438,s,m
2026-02-06 00:14:01,0.00016350000,200000.00000,s,l
2026-02-06 00:14:02,0.00016340000,69348.88125,s,l
2026-02-06 00:14:02,0.00016330000,200000.00000,s,l
2026-02-06 00:14:02,0.00016320000,500000.00000,s,l
2026-02-06 00:14:03,0.00016310000,500000.00000,s,l
2026-02-06 00:14:04,0.00016290000,200000.00000,s,l
2026-02-06 00:14:05,0.00016280000,500000.00000,s,l
2026-02-06 00:14:06,0.00016240000,200000.00000,s,l
2026-02-06 00:14:06,0.00016240000,200000.00000,s,l
2026-02-06 00:14:06,0.00016230000,149049.00000,s,l
2026-02-06 00:14:07,0.00016230000,100000.00000,s,l
2026-02-06 00:14:07,0.00016230000,193669.00000,s,l
2026-02-06 00:14:07,0.00016230000,57282.00000,s,l
2026-02-06 00:14:07,0.00016230000,93095.00000,s,l
2026-02-06 00:14:07,0.00016230000,106905.00000,s,l
2026-02-06 00:14:07,0.00016220000,43095.00000,s,l
2026-02-06 00:14:07,0.00016220000,150000.00000,s,l
2026-02-06 00:14:07,0.00016220000,6905.00000,s,l
2026-02-06 00:14:07,0.00016220000,500000.00000,s,l
2026-02-06 00:14:07,0.00016210000,200000.00000,s,l
2026-02-06 00:14:07,0.00016210000,500000.00000,s,l
2026-02-06 00:14:10,0.00016200000,4125899.82697,s,l
2026-02-06 00:14:10,0.00016200000,4861580.65165,s,l
2026-02-06 00:14:10,0.00016200000,5172725.19508,s,l
2026-02-06 00:14:12,0.00016200000,4553986.25654,s,l
2026-02-06 00:14:12,0.00016200000,5228405.26281,s,l
2026-02-06 00:14:18,0.00016120000,200000.00000,s,l
2026-02-06 00:14:18,0.00016120000,300000.00000,s,l
2026-02-06 00:14:20,0.00016120000,200000.00000,s,l
2026-02-06 00:14:21,0.00016130000,200000.00000,s,l
2026-02-06 00:14:21,0.00016130000,500000.00000,s,l
2026-02-06 00:14:21,0.00016120000,500000.00000,s,l
2026-02-06 00:14:21,0.00016120000,200000.00000,s,l
2026-02-06 00:14:21,0.00016140000,200000.00000,s,l
2026-02-06 00:14:21,0.00016130000,500000.00000,s,l
2026-02-06 00:14:21,0.00016120000,500000.00000,s,l
2026-02-06 00:14:21,0.00016120000,200000.00000,s,l
2026-02-06 00:14:21,0.00016110000,200000.00000,s,l
2026-02-06 00:14:21,0.00016110000,3219015.12121,s,l
2026-02-06 00:14:21,0.00016110000,4821014.04974,s,l
2026-02-06 00:14:21,0.00016110000,2493409.68505,s,l
2026-02-06 00:14:22,0.00016170000,200000.00000,b,l
2026-02-06 00:14:22,0.00016180000,474728.56364,b,l
2026-02-06 00:14:23,0.00016230000,200000.00000,b,l
2026-02-06 00:14:24,0.00016230000,200000.00000,b,l
2026-02-06 00:14:24,0.00016230000,200000.00000,b,l
2026-02-06 00:14:24,0.00016230000,200000.00000,b,l
2026-02-06 00:14:25,0.00016230000,200000.00000,b,l
2026-02-06 00:14:37,0.00016070000,45177.51689,s,l
2026-02-06 00:14:37,0.00016070000,45177.51689,s,l
2026-02-06 00:14:40,0.00015970000,200000.00000,s,l
2026-02-06 00:14:40,0.00015970000,200000.00000,s,l
2026-02-06 00:14:40,0.00015960000,436179.66533,s,l
2026-02-06 00:14:40,0.00015960000,200000.00000,s,l
2026-02-06 00:14:49,0.00015910000,303060.08985,b,l
2026-02-06 00:14:49,0.00015920000,200914.22429,b,l
2026-02-06 00:14:49,0.00015930000,290020.27823,b,l
2026-02-06 00:14:50,0.00016040000,359814.89699,b,l
2026-02-06 00:14:50,0.00016040000,200000.00000,b,l
2026-02-06 00:14:51,0.00016050000,173278.88000,b,l
2026-02-06 00:14:51,0.00016050000,200000.00000,b,l
2026-02-06 00:14:51,0.00016050000,200000.00000,b,l
2026-02-06 00:15:03,0.00016010000,229284.23982,b,l
2026-02-06 00:15:03,0.00016020000,7699004.96200,b,l
2026-02-06 00:15:03,0.00016020000,11039125.83917,b,l
2026-02-06 00:15:03,0.00016020000,5204466.39283,b,l
2026-02-06 00:15:19,0.00016020000,462474.01772,s,l
2026-02-06 00:15:19,0.00016020000,458525.05169,s,l
2026-02-06 00:15:25,0.00016090000,342755.30685,b,l
2026-02-06 00:15:25,0.00016120000,200000.00000,b,l
2026-02-06 00:15:30,0.00016060000,128588.67500,s,l
2026-02-06 00:15:33,0.00016020000,416604.21527,s,l
2026-02-06 00:16:00,0.00016070000,178890.00000,b,l
2026-02-06 00:16:00,0.00016070000,200000.00000,b,l
2026-02-06 00:16:00,0.00016070000,14748.36470,b,l
2026-02-06 00:16:00,0.00016070000,3895.73132,b,l
2026-02-06 00:16:01,0.00016110000,150000.00000,b,l
2026-02-06 00:16:01,0.00016110000,120000.00000,b,l
2026-02-06 00:16:01,0.00016110000,110000.00000,b,l
2026-02-06 00:16:01,0.00016110000,120000.00000,b,l
2026-02-06 00:16:01,0.00016110000,150000.00000,b,l
2026-02-06 00:16:01,0.00016120000,75000.00000,b,l
2026-02-06 00:16:01,0.00016120000,260000.00000,b,l
2026-02-06 00:16:01,0.00016120000,121500.00000,b,l
2026-02-06 00:16:01,0.00016120000,43500.00000,b,l
2026-02-06 00:16:01,0.00016130000,127500.00000,b,l
2026-02-06 00:16:01,0.00016130000,230000.00000,b,l
2026-02-06 00:16:01,0.00016130000,142500.00000,b,l
2026-02-06 00:16:01,0.00016130000,67500.00000,b,l
2026-02-06 00:16:02,0.00016130000,10465938.85600,b,l
2026-02-06 00:16:10,0.00016110000,467845.06691,s,l
2026-02-06 00:16:23,0.00016070000,14748.36470,b,l
2026-02-06 00:16:23,0.00016070000,200000.00000,b,l
2026-02-06 00:16:23,0.00016070000,149515.02620,b,l
2026-02-06 00:16:33,0.00015970000,579524.10770,s,l
2026-02-06 00:16:53,0.00015970000,200000.00000,s,l
2026-02-06 00:16:53,0.00015960000,200000.00000,s,l
2026-02-06 00:16:53,0.00015960000,500000.00000,s,l
2026-02-06 00:16:53,0.00015950000,500000.00000,s,l
2026-02-06 00:16:53,0.00015950000,200000.00000,s,l
2026-02-06 00:16:53,0.00015940000,200000.00000,s,l
2026-02-06 00:16:53,0.00015940000,500000.00000,s,l
2026-02-06 00:16:53,0.00015930000,200000.00000,s,l
2026-02-06 00:16:53,0.00015910000,3081173.48794,s,l
2026-02-06 00:16:53,0.00015910000,200000.00000,s,l
2026-02-06 00:16:53,0.00015870000,200000.00000,s,l
2026-02-06 00:16:53,0.00015870000,15505980.03233,s,l
2026-02-06 00:16:53,0.00015860000,200000.00000,s,l
2026-02-06 00:16:53,0.00015860000,21114732.47973,s,l
2026-02-06 00:17:00,0.00016110000,130000.00000,b,l
2026-02-06 00:17:00,0.00016110000,70000.00000,b,l
2026-02-06 00:17:00,0.00016120000,200000.00000,b,l
2026-02-06 00:17:00,0.00016120000,40000.00000,b,l
2026-02-06 00:17:00,0.00016120000,340000.00000,b,l
2026-02-06 00:17:00,0.00016120000,120000.00000,b,l
2026-02-06 00:17:00,0.00016130000,200000.00000,b,l
2026-02-06 00:17:00,0.00016130000,20000.00000,b,l
2026-02-06 00:17:00,0.00016130000,170000.00000,b,l
2026-02-06 00:17:00,0.00016130000,310000.00000,b,l
2026-02-06 00:17:00,0.00016140000,15749.99900,b,l
2026-02-06 00:17:00,0.00016140000,200000.00000,b,l
2026-02-06 00:17:01,0.00016180000,184250.00100,b,l
2026-02-06 00:17:36,0.00016250000,200000.00000,s,l
2026-02-06 00:17:36,0.00016240000,200000.00000,s,l
2026-02-06 00:17:36,0.00016240000,3096790.12867,s,l
2026-02-06 00:17:38,0.00016210000,3201659.03080,s,l
2026-02-06 00:18:23,0.00016120000,200000.00000,s,l
2026-02-06 00:18:25,0.00016110000,266774.67600,s,l
2026-02-06 00:19:34,0.00015860000,315258.51198,s,l
2026-02-06 00:19:34,0.00015860000,610066.99999,s,l
2026-02-06 00:19:34,0.00015930000,124146.49286,b,m
2026-02-06 00:19:41,0.00015880000,37468.51380,s,l
2026-02-06 00:20:02,0.00015740000,298656.00000,b,l
2026-02-06 00:20:02,0.00015740000,165024.37800,b,l
2026-02-06 00:20:02,0.00015760000,200000.00000,b,l
2026-02-06 00:20:02,0.00015770000,200000.00000,b,l
2026-02-06 00:20:02,0.00015770000,210000.00000,b,l
2026-02-06 00:20:02,0.00015790000,200000.00000,b,l
2026-02-06 00:20:02,0.00015800000,200000.00000,b,l
2026-02-06 00:20:02,0.00015800000,70000.00000,b,l
2026-02-06 00:20:02,0.00015800000,400000.00000,b,l
2026-02-06 00:20:02,0.00015800000,30000.00000,b,l
2026-02-06 00:20:04,0.00015720000,124146.49286,s,m
2026-02-06 00:20:04,0.00015810000,200000.00000,b,l
2026-02-06 00:20:04,0.00015820000,110000.00000,b,l
2026-02-06 00:20:05,0.00015820000,170000.00000,b,l
2026-02-06 00:20:05,0.00015820000,99000.00000,b,l
2026-02-06 00:20:16,0.00015640000,526341.87201,s,l
2026-02-06 00:20:20,0.00015630000,14748.36470,s,l
2026-02-06 00:20:20,0.00015630000,200000.00000,s,l
2026-02-06 00:20:20,0.00015630000,200000.00000,s,l
2026-02-06 00:20:20,0.00015630000,200000.00000,s,l
2026-02-06 00:20:20,0.00015630000,14748.36470,s,l
2026-02-06 00:20:20,0.00015630000,118435.13550,s,l
2026-02-06 00:20:20,0.00015630000,200000.00000,s,l
2026-02-06 00:20:20,0.00015630000,14748.36470,s,l
2026-02-06 00:20:20,0.00015630000,70503.27060,s,l
2026-02-06 00:20:20,0.00015630000,14748.36470,s,l
2026-02-06 00:20:20,0.00015630000,14748.36470,s,l
2026-02-06 00:20:20,0.00015630000,1261756.77040,s,l
2026-02-06 00:20:22,0.00015620000,14748.36470,b,l
2026-02-06 00:20:22,0.00015620000,14748.36470,b,l
2026-02-06 00:20:22,0.00015620000,200000.00000,b,l
2026-02-06 00:20:22,0.00015620000,200000.00000,b,l
2026-02-06 00:20:22,0.00015620000,14748.36470,b,l
2026-02-06 00:20:22,0.00015620000,200000.00000,b,l
2026-02-06 00:20:22,0.00015640000,170503.27060,b,l
2026-02-06 00:20:22,0.00015640000,200000.00000,b,l
2026-02-06 00:20:22,0.00015640000,14748.36470,b,l
2026-02-06 00:20:22,0.00015640000,170503.27060,b,l
2026-02-06 00:20:24,0.00015680000,120000.00000,b,l
2026-02-06 00:20:30,0.00015720000,150853.90499,b,l
2026-02-06 00:20:30,0.00015720000,155592.29501,b,l
2026-02-06 00:20:30,0.00015620000,610066.99999,s,l
2026-02-06 00:20:32,0.00015710000,322953.00000,b,l
2026-02-06 00:20:33,0.00015720000,120000.00000,b,l
2026-02-06 00:20:33,0.00015720000,120000.00000,b,l
2026-02-06 00:21:02,0.00015720000,114748.36470,b,l
2026-02-06 00:21:02,0.00015720000,14748.36470,b,l
2026-02-06 00:21:02,0.00015720000,14748.36470,b,l
2026-02-06 00:21:02,0.00015720000,14748.36470,b,l
2026-02-06 00:21:02,0.00015720000,14748.36470,b,l
2026-02-06 00:21:02,0.00015720000,200000.00000,b,l
2026-02-06 00:21:02,0.00015720000,14748.36470,b,l
2026-02-06 00:21:02,0.00015720000,200000.00000,b,l
2026-02-06 00:21:02,0.00015720000,14748.36470,b,l
2026-02-06 00:21:02,0.00015720000,14748.36470,b,l
2026-02-06 00:21:02,0.00015720000,14748.36470,b,l
2026-02-06 00:21:02,0.00015720000,14748.36470,b,l
2026-02-06 00:21:02,0.00015720000,200000.00000,b,l
2026-02-06 00:21:02,0.00015720000,200000.00000,b,l
2026-02-06 00:21:02,0.00015720000,200000.00000,b,l
2026-02-06 00:21:02,0.00015720000,200000.00000,b,l
2026-02-06 00:21:02,0.00015720000,200000.00000,b,l
2026-02-06 00:21:02,0.00015720000,200000.00000,b,l
2026-02-06 00:21:02,0.00015720000,200000.00000,b,l
2026-02-06 00:21:02,0.00015720000,14748.36470,b,l
2026-02-06 00:21:02,0.00015720000,200000.00000,b,l
2026-02-06 00:21:02,0.00015720000,14748.36470,b,l
2026-02-06 00:21:02,0.00015720000,200000.00000,b,l
2026-02-06 00:21:02,0.00015720000,14748.36470,b,l
2026-02-06 00:21:02,0.00015720000,14748.36470,b,l
2026-02-06 00:21:02,0.00015720000,200000.00000,b,l
2026-02-06 00:21:02,0.00015720000,14748.36470,b,l
2026-02-06 00:21:02,0.00015720000,14748.36470,b,l
2026-02-06 00:21:02,0.00015720000,200000.00000,b,l
2026-02-06 00:21:02,0.00015720000,200000.00000,b,l
2026-02-06 00:21:02,0.00015720000,14748.36470,b,l
2026-02-06 00:21:02,0.00015720000,200000.00000,b,l
2026-02-06 00:21:02,0.00015720000,14748.36470,b,l
2026-02-06 00:21:02,0.00015720000,200000.00000,b,l
2026-02-06 00:21:02,0.00015720000,200000.00000,b,l
2026-02-06 00:21:02,0.00015720000,200000.00000,b,l
2026-02-06 00:21:02,0.00015720000,14748.36470,b,l
2026-02-06 00:21:02,0.00015720000,200000.00000,b,l
2026-02-06 00:21:02,0.00015720000,200000.00000,b,l
2026-02-06 00:21:02,0.00015720000,200000.00000,b,l
2026-02-06 00:21:02,0.00015720000,14748.36470,b,l
2026-02-06 00:21:02,0.00015720000,5032.70600,b,l
2026-02-06 00:21:02,0.00015720000,14748.36470,b,l
2026-02-06 00:21:02,0.00015720000,140000.00000,b,l
2026-02-06 00:21:02,0.00015720000,210000.00000,b,l
2026-02-06 00:21:02,0.00015720000,150000.00000,b,l
2026-02-06 00:21:02,0.00015720000,165117.00000,b,l
2026-02-06 00:21:02,0.00015720000,154265.00000,b,l
2026-02-06 00:21:02,0.00015720000,160000.00000,b,l
2026-02-06 00:21:02,0.00015720000,100000.00000,b,l
2026-02-06 00:21:02,0.00015720000,420000.00000,b,l
2026-02-06 00:21:02,0.00015720000,106552.00000,b,l
2026-02-06 00:21:02,0.00015720000,178538.00000,b,l
2026-02-06 00:21:02,0.00015720000,167684.00000,b,l
2026-02-06 00:21:02,0.00015720000,170000.00000,b,l
2026-02-06 00:21:02,0.00015720000,160000.00000,b,l
2026-02-06 00:21:02,0.00015720000,142602.00000,b,l
2026-02-06 00:21:02,0.00015720000,360000.00000,b,l
2026-02-06 00:21:02,0.00015720000,310000.00000,b,l
2026-02-06 00:21:02,0.00015720000,102877.00000,b,l
2026-02-06 00:21:02,0.00015720000,450000.00000,b,l
2026-02-06 00:21:02,0.00015720000,172171.00000,b,l
2026-02-06 00:21:02,0.00015720000,240000.00000,b,l
2026-02-06 00:21:02,0.00015720000,183049.00000,b,l
2026-02-06 00:21:02,0.00015720000,100000.00000,b,l
2026-02-06 00:21:02,0.00015720000,330000.00000,b,l
2026-02-06 00:21:02,0.00015720000,111049.00000,b,l
2026-02-06 00:21:02,0.00015720000,160000.00000,b,l
2026-02-06 00:21:02,0.00015720000,106576.00000,b,l
2026-02-06 00:21:03,0.00015720000,330000.00000,b,l
2026-02-06 00:21:03,0.00015720000,370000.00000,b,l
2026-02-06 00:21:03,0.00015720000,160000.00000,b,l
2026-02-06 00:21:03,0.00015720000,170000.00000,b,l
2026-02-06 00:21:03,0.00015720000,140000.00000,b,l
2026-02-06 00:21:03,0.00015720000,180000.00000,b,l
2026-02-06 00:21:03,0.00015720000,110000.00000,b,l
2026-02-06 00:21:03,0.00015720000,210000.00000,b,l
2026-02-06 00:21:03,0.00015720000,110000.00000,b,l
2026-02-06 00:21:03,0.00015720000,130000.00000,b,l
2026-02-06 00:21:03,0.00015720000,230000.00000,b,l
2026-02-06 00:21:03,0.00015720000,140000.00000,b,l
2026-02-06 00:21:03,0.00015720000,100000.00000,b,l
2026-02-06 00:21:03,0.00015720000,110000.00000,b,l
2026-02-06 00:21:03,0.00015720000,170000.00000,b,l
2026-02-06 00:21:03,0.00015720000,100000.00000,b,l
2026-02-06 00:21:03,0.00015720000,150000.00000,b,l
2026-02-06 00:21:03,0.00015720000,120000.00000,b,l
2026-02-06 00:21:03,0.00015720000,120000.00000,b,l
2026-02-06 00:21:03,0.00015720000,170000.00000,b,l
2026-02-06 00:21:03,0.00015720000,120000.00000,b,l
2026-02-06 00:21:03,0.00015720000,110000.00000,b,l
2026-02-06 00:21:13,0.00016010000,171102.00000,b,l
2026-02-06 00:21:13,0.00016010000,170000.00000,b,l
2026-02-06 00:21:14,0.00016010000,1600000.00000,b,l
2026-02-06 00:21:14,0.00016010000,1327142.00000,b,l
2026-02-06 00:21:14,0.00016010000,312304.00000,b,l
2026-02-06 00:21:14,0.00016010000,1700000.00000,b,l
2026-02-06 00:21:14,0.00016010000,348051.00000,b,l
2026-02-06 00:21:14,0.00016010000,1600000.00000,b,l
2026-02-06 00:21:14,0.00016010000,200000.00000,b,l
2026-02-06 00:21:14,0.00016010000,200000.00000,b,l
2026-02-06 00:21:14,0.00016010000,200000.00000,b,l
2026-02-06 00:21:14,0.00016010000,14748.36470,b,l
2026-02-06 00:21:14,0.00016010000,14748.36470,b,l
2026-02-06 00:21:14,0.00016010000,41408.37900,b,l
2026-02-06 00:21:21,0.00016080000,314341.10971,b,l
2026-02-06 00:21:21,0.00016080000,500000.00000,b,l
2026-02-06 00:21:32,0.00016270000,200000.00000,b,l
2026-02-06 00:21:32,0.00016280000,93661.90000,b,l
2026-02-06 00:22:05,0.00016090000,610066.99999,s,l
2026-02-06 00:22:05,0.00016090000,570015.75860,s,l
2026-02-06 00:22:05,0.00016090000,610066.99999,s,l
2026-02-06 00:22:05,0.00016090000,14748.36470,s,l
2026-02-06 00:22:05,0.00016090000,57917.99990,s,l
2026-02-06 00:22:05,0.00016090000,185251.63539,s,l
2026-02-06 00:22:06,0.00016050000,719173.69155,b,l
2026-02-06 00:22:06,0.00016050000,718041.28890,b,l
2026-02-06 00:22:15,0.00016020000,610066.99999,s,l
2026-02-06 00:22:29,0.00016090000,698018.01899,b,l
2026-02-06 00:22:29,0.00016100000,200000.00000,b,l
2026-02-06 00:25:06,0.00016210000,124223.60248,b,m
2026-02-06 00:25:06,0.00016110000,100000.00000,s,l
2026-02-06 00:25:26,0.00016150000,180570.27050,s,l
2026-02-06 00:25:26,0.00016150000,200000.00000,s,l
2026-02-06 00:25:26,0.00016150000,14748.36470,s,l
2026-02-06 00:25:26,0.00016150000,14748.36470,s,l
2026-02-06 00:25:26,0.00016150000,200000.00000,s,l
2026-02-06 00:25:26,0.00016130000,610066.99999,s,l
2026-02-06 00:27:21,0.00016230000,680182.62463,b,l
2026-02-06 00:27:31,0.00016290000,539951.37600,b,l
2026-02-06 00:27:31,0.00016300000,71546.17797,b,l
2026-02-06 00:28:06,0.00016380000,200000.00000,s,l
2026-02-06 00:28:11,0.00016340000,610066.99999,s,l
2026-02-06 00:28:16,0.00016320000,610066.99999,s,l
2026-02-06 00:28:27,0.00016260000,200000.00000,s,l
2026-02-06 00:31:14,0.00016500000,200000.00000,b,l
2026-02-06 00:31:15,0.00016500000,200000.00000,b,l
2026-02-06 00:31:20,0.00016320000,200000.00000,s,l
2026-02-06 00:31:20,0.00016300000,5421884.79700,s,l
2026-02-06 00:31:20,0.00016300000,4907975.46000,s,l
2026-02-06 00:31:20,0.00016300000,3470139.74300,s,l
2026-02-06 00:33:01,0.00016490000,440933.89933,b,l
2026-02-06 00:33:03,0.00016490000,317101.27350,b,l
2026-02-06 00:33:33,0.00016600000,200000.00000,b,l
2026-02-06 00:33:33,0.00016600000,500000.00000,b,l
2026-02-06 00:33:34,0.00016590000,200000.00000,b,l
2026-02-06 00:33:36,0.00016610000,500000.00000,b,l
2026-02-06 00:33:43,0.00016560000,124223.60248,s,m
2026-02-06 00:33:46,0.00016590000,200000.00000,b,l
2026-02-06 00:33:46,0.00016590000,500000.00000,b,l
2026-02-06 00:33:51,0.00016590000,593784.96000,b,l
2026-02-06 00:33:51,0.00016590000,500000.00000,b,l
2026-02-06 00:34:12,0.00016560000,662098.82699,b,l
2026-02-06 00:34:26,0.00016640000,3098202.23060,b,l
2026-02-06 00:34:26,0.00016640000,3711168.03553,b,l
2026-02-06 00:34:26,0.00016640000,4058943.61238,b,l
2026-02-06 00:34:26,0.00016640000,3107233.77474,b,l
2026-02-06 00:34:27,0.00016640000,812745.49700,b,l
2026-02-06 00:34:28,0.00016680000,200000.00000,s,l
2026-02-06 00:34:28,0.00016680000,200000.00000,s,l
2026-02-06 00:36:10,0.00016850000,593471.81008,s,l
2026-02-06 00:36:11,0.00016870000,592768.22762,s,l
2026-02-06 00:36:11,0.00016860000,200000.00000,s,l
2026-02-06 00:37:26,0.00016900000,5514.03900,s,l
2026-02-06 00:38:39,0.00016980000,736160.18845,b,l
2026-02-06 00:38:39,0.00016990000,200000.00000,b,l
2026-02-06 00:39:24,0.00017170000,421258.00815,s,l
2026-02-06 00:40:08,0.00017220000,450079.84999,b,l
2026-02-06 00:40:21,0.00017160000,582750.58275,s,l
2026-02-06 00:40:51,0.00017120000,584112.14953,s,l
2026-02-06 00:40:55,0.00017180000,311770.00000,b,l
2026-02-06 00:41:20,0.00016970000,200000.00000,s,l
2026-02-06 00:41:20,0.00016960000,200000.00000,s,l
2026-02-06 00:41:20,0.00016960000,500000.00000,s,l
2026-02-06 00:42:46,0.00017050000,117924.52830,b,m
2026-02-06 00:42:57,0.00017070000,96315.00000,b,l
2026-02-06 00:43:43,0.00017010000,2331664.05560,s,l
2026-02-06 00:43:43,0.00017010000,200000.00000,s,l
2026-02-06 00:43:43,0.00017010000,14748.36470,s,l
2026-02-06 00:43:43,0.00017010000,14748.36470,s,l
2026-02-06 00:43:43,0.00017010000,14748.36470,s,l
2026-02-06 00:43:43,0.00017010000,14748.36470,s,l
2026-02-06 00:43:43,0.00017010000,200000.00000,s,l
2026-02-06 00:43:43,0.00017010000,14748.36470,s,l
2026-02-06 00:43:43,0.00017010000,14748.36470,s,l
2026-02-06 00:43:43,0.00017010000,14748.36470,s,l
2026-02-06 00:43:43,0.00017010000,14748.36470,s,l
2026-02-06 00:43:43,0.00017010000,200000.00000,s,l
2026-02-06 00:43:43,0.00017010000,14748.36470,s,l
2026-02-06 00:43:43,0.00017010000,200000.00000,s,l
2026-02-06 00:43:43,0.00017010000,14748.36470,s,l
2026-02-06 00:43:43,0.00017010000,14748.36470,s,l
2026-02-06 00:43:43,0.00017010000,14748.36470,s,l
2026-02-06 00:43:43,0.00017010000,14748.36470,s,l
2026-02-06 00:43:43,0.00017010000,200000.00000,s,l
2026-02-06 00:43:43,0.00017010000,200000.00000,s,l
2026-02-06 00:43:43,0.00017010000,14748.36470,s,l
2026-02-06 00:43:43,0.00017010000,200000.00000,s,l
2026-02-06 00:43:43,0.00017010000,200000.00000,s,l
2026-02-06 00:43:43,0.00016990000,185842.64630,s,l
2026-02-06 00:43:43,0.00016990000,200000.00000,s,l
2026-02-06 00:43:43,0.00016990000,14748.36473,s,l
2026-02-06 00:43:43,0.00017000000,90000.00000,b,l
2026-02-06 00:43:49,0.00016990000,109488.00800,b,l
2026-02-06 00:44:31,0.00017070000,200000.00000,s,l
2026-02-06 00:44:31,0.00017070000,43819.56640,s,l
2026-02-06 00:44:46,0.00017070000,88033.75760,b,l
2026-02-06 00:44:46,0.00017070000,200000.00000,b,l
2026-02-06 00:44:46,0.00017070000,14748.36470,b,l
2026-02-06 00:44:46,0.00017070000,200000.00000,b,l
2026-02-06 00:44:46,0.00017070000,14748.36470,b,l
2026-02-06 00:44:46,0.00017070000,200000.00000,b,l
2026-02-06 00:44:46,0.00017070000,14748.36470,b,l
2026-02-06 00:45:02,0.00017190000,200000.00000,b,l
2026-02-06 00:45:02,0.00017190000,14748.36470,b,l
2026-02-06 00:45:02,0.00017190000,14748.36470,b,l
2026-02-06 00:45:02,0.00017190000,200000.00000,b,l
2026-02-06 00:45:02,0.00017190000,197883.82120,b,l
2026-02-06 00:45:14,0.00017260000,39893.07810,b,l
2026-02-06 00:46:09,0.00017280000,578703.70370,s,l
2026-02-06 00:46:11,0.00017280000,578703.70370,s,l
2026-02-06 00:46:42,0.00017230000,200000.00000,s,l
2026-02-06 00:47:03,0.00017210000,200000.00000,s,l
2026-02-06 00:52:17,0.00017180000,200000.00000,s,l
2026-02-06 00:52:17,0.00017170000,183980.96697,s,l
2026-02-06 00:52:17,0.00017160000,200000.00000,s,l
2026-02-06 00:52:17,0.00017110000,200000.00000,s,l
2026-02-06 00:52:17,0.00017100000,2883819.57324,s,l
2026-02-06 00:52:17,0.00017100000,200000.00000,s,l
2026-02-06 00:52:17,0.00017090000,23213.25979,s,l
2026-02-06 00:52:20,0.00017210000,726321.90586,b,l
2026-02-06 00:53:49,0.00017230000,53370.06000,b,l
2026-02-06 00:54:01,0.00017260000,78140.19430,s,l
2026-02-06 00:54:01,0.00017260000,200000.00000,s,l
2026-02-06 00:54:01,0.00017260000,14748.36470,s,l
2026-02-06 00:54:01,0.00017260000,14748.36470,s,l
2026-02-06 00:54:01,0.00017260000,200000.00000,s,l
2026-02-06 00:54:48,0.00017200000,200000.00000,b,l
2026-02-06 00:54:48,0.00017200000,200000.00000,b,l
2026-02-06 00:54:48,0.00017200000,14748.36470,b,l
2026-02-06 00:54:48,0.00017200000,200000.00000,b,l
2026-02-06 00:54:48,0.00017200000,82499.09190,b,l
2026-02-06 00:54:48,0.00017200000,14748.36470,b,l
2026-02-06 00:55:17,0.00017170000,582411.18229,s,l
2026-02-06 00:55:26,0.00017120000,351811.02582,s,l
2026-02-06 00:55:34,0.00017080000,200000.00000,s,l
2026-02-06 00:55:34,0.00017080000,200000.00000,s,l
2026-02-06 00:55:35,0.00017070000,500000.00000,s,l
2026-02-06 00:56:05,0.00017050000,200000.00000,s,l
2026-02-06 00:56:05,0.00017050000,200000.00000,s,l
2026-02-06 00:56:05,0.00017040000,670000.00000,s,l
2026-02-06 00:56:05,0.00017040000,200000.00000,s,l
2026-02-06 01:04:32,0.00017160000,200000.00000,b,l
2026-02-06 01:04:32,0.00017160000,84193.13430,b,l
2026-02-06 01:04:32,0.00017160000,14748.36470,b,l
2026-02-06 01:04:32,0.00017160000,14748.36470,b,l
2026-02-06 01:04:32,0.00017160000,14748.36470,b,l
2026-02-06 01:04:32,0.00017160000,200000.00000,b,l
2026-02-06 01:04:32,0.00017160000,200000.00000,b,l
2026-02-06 01:04:47,0.00017210000,164265.00000,b,l
2026-02-06 01:05:56,0.00017120000,200000.00000,s,l
2026-02-06 01:05:56,0.00017110000,200000.00000,s,l
2026-02-06 01:05:56,0.00017100000,200000.00000,s,l
2026-02-06 01:05:56,0.00017100000,500000.00000,s,l
2026-02-06 01:06:05,0.00017110000,584453.53594,s,l
2026-02-06 01:06:10,0.00017120000,144789.53561,s,l
2026-02-06 01:06:44,0.00017120000,730140.18691,b,l
2026-02-06 01:06:44,0.00017130000,200000.00000,b,l
2026-02-06 01:06:44,0.00017170000,200000.00000,b,l
2026-02-06 01:06:44,0.00017230000,200000.00000,b,l
2026-02-06 01:06:44,0.00017240000,200000.00000,b,l
2026-02-06 01:06:44,0.00017250000,243819.56600,b,l
2026-02-06 01:06:44,0.00017250000,200000.00000,b,l
2026-02-06 01:06:44,0.00017250000,3098154.94709,b,l
2026-02-06 01:06:45,0.00017130000,116569.55370,b,l
2026-02-06 01:06:45,0.00017130000,14748.36470,b,l
2026-02-06 01:06:45,0.00017130000,200000.00000,b,l
2026-02-06 01:06:45,0.00017130000,14748.36470,b,l
2026-02-06 01:06:45,0.00017130000,200000.00000,b,l
2026-02-06 01:08:06,0.00017340000,53370.06003,b,l
2026-02-06 01:09:58,0.00017380000,575373.99309,s,l
2026-02-06 01:11:55,0.00017480000,14748.36470,b,l
2026-02-06 01:11:55,0.00017480000,200000.00000,b,l
2026-02-06 01:11:55,0.00017480000,14748.36470,b,l
2026-02-06 01:11:55,0.00017480000,14748.36470,b,l
2026-02-06 01:11:55,0.00017480000,200000.00000,b,l
2026-02-06 01:11:55,0.00017480000,22375.37050,b,l
2026-02-06 01:11:55,0.00017480000,200000.00000,b,l
2026-02-06 01:11:56,0.00017460000,147232.03760,s,m
2026-02-06 01:12:14,0.00017500000,14748.36470,s,l
2026-02-06 01:12:14,0.00017500000,200000.00000,s,l
2026-02-06 01:12:14,0.00017500000,14748.36470,s,l
2026-02-06 01:12:14,0.00017500000,200000.00000,s,l
2026-02-06 01:12:14,0.00017500000,141931.84202,s,l
2026-02-06 01:12:35,0.00017430000,117924.52830,s,m
2026-02-06 01:12:46,0.00017450000,200000.00000,b,m
2026-02-06 01:12:46,0.00017460000,715922.10767,b,m
2026-02-06 01:12:46,0.00017490000,200000.00000,b,m
2026-02-06 01:12:46,0.00017540000,2851951.96831,b,m
2026-02-06 01:12:46,0.00017550000,200000.00000,b,m
2026-02-06 01:12:46,0.00017560000,4016625.35828,b,m
2026-02-06 01:12:46,0.00017560000,200000.00000,b,m
2026-02-06 01:12:46,0.00017610000,590000.00000,b,m
2026-02-06 01:12:46,0.00017610000,200000.00000,b,m
2026-02-06 01:12:46,0.00017620000,5000000.00000,b,m
2026-02-06 01:12:46,0.00017640000,200000.00000,b,m
2026-02-06 01:12:46,0.00017660000,10041563.39572,b,m
2026-02-06 01:12:46,0.00017670000,200000.00000,b,m
2026-02-06 01:12:46,0.00017680000,5000000.00000,b,m
2026-02-06 01:12:46,0.00017690000,200000.00000,b,m
2026-02-06 01:12:46,0.00017700000,200000.00000,b,m
2026-02-06 01:12:46,0.00017740000,53370.06003,b,m
2026-02-06 01:12:46,0.00017750000,200000.00000,b,m
2026-02-06 01:12:46,0.00017750000,5000000.00000,b,m
2026-02-06 01:12:46,0.00017830000,200000.00000,b,m
2026-02-06 01:12:46,0.00017840000,53370.06003,b,m
2026-02-06 01:12:46,0.00017840000,200000.00000,b,m
2026-02-06 01:12:46,0.00017850000,13388751.19429,b,m
2026-02-06 01:12:46,0.00017970000,200000.00000,b,m
2026-02-06 01:12:46,0.00017990000,115619.78877,b,m
2026-02-06 01:12:46,0.00018030000,200000.00000,b,m
2026-02-06 01:12:46,0.00018030000,168607.87576,b,m
2026-02-06 01:12:46,0.00018030000,6567209.92790,b,m
2026-02-06 01:12:46,0.00017450000,125721.44532,s,l
2026-02-06 01:12:46,0.00017460000,200000.00000,s,l
2026-02-06 01:12:46,0.00017450000,447344.45725,s,l
2026-02-06 01:12:46,0.00017440000,126379.00803,s,l
2026-02-06 01:12:46,0.00017440000,73620.99197,s,l
2026-02-06 01:12:46,0.00017420000,200000.00000,s,l
2026-02-06 01:12:46,0.00017410000,200000.00000,s,l
2026-02-06 01:12:47,0.00017410000,340000.00000,s,l
2026-02-06 01:12:47,0.00017410000,234382.53877,s,l
2026-02-06 01:12:47,0.00017410000,23496.46123,s,l
2026-02-06 01:12:47,0.00017410000,176503.53877,s,l
2026-02-06 01:12:47,0.00017400000,93496.46123,s,l
2026-02-06 01:12:47,0.00017410000,110000.00000,s,l
2026-02-06 01:12:47,0.00017420000,150000.00000,s,l
2026-02-06 01:12:47,0.00017420000,50000.00000,s,l
2026-02-06 01:12:47,0.00017410000,90000.00000,s,l
2026-02-06 01:12:47,0.00017400000,106503.53877,s,l
2026-02-06 01:12:47,0.00017400000,13496.46123,s,l
2026-02-06 01:12:47,0.00017400000,240000.00000,s,l
2026-02-06 01:12:47,0.00017400000,246503.53877,s,l
2026-02-06 01:12:47,0.00017390000,33496.46123,s,l
2026-02-06 01:12:47,0.00017390000,160000.00000,s,l
2026-02-06 01:12:47,0.00017390000,6503.53877,s,l
2026-02-06 01:12:47,0.00017390000,46140.66123,s,l
2026-02-06 01:13:01,0.00017430000,200000.00000,s,l
2026-02-06 01:13:02,0.00017420000,220911.69692,s,l
2026-02-06 01:13:09,0.00017400000,100723.00000,s,l
2026-02-06 01:13:30,0.00017430000,100000.00000,s,l
2026-02-06 01:13:30,0.00017430000,100000.00000,s,l
2026-02-06 01:13:30,0.00017430000,45086.00000,s,l
2026-02-06 01:13:30,0.00017430000,90000.00000,s,l
2026-02-06 01:13:30,0.00017430000,100086.00000,s,l
2026-02-06 01:13:35,0.00017410000,500000.00000,b,l
2026-02-06 01:14:29,0.00017410000,200000.00000,s,l
2026-02-06 01:14:29,0.00017410000,200000.00000,s,l
2026-02-06 01:14:44,0.00017410000,200000.00000,s,l
2026-02-06 01:14:44,0.00017400000,208361.30000,s,l
2026-02-06 01:15:00,0.00017440000,90000.00000,s,l
2026-02-06 01:15:13,0.00017460000,500000.00000,s,l
2026-02-06 01:15:49,0.00017590000,69110.21640,b,l
2026-02-06 01:16:03,0.00017540000,315000.00000,s,l
2026-02-06 01:16:03,0.00017540000,185000.00000,s,l
2026-02-06 01:16:03,0.00017540000,196149.99800,s,l
2026-02-06 01:16:03,0.00017530000,160000.00000,s,l
2026-02-06 01:17:37,0.00017630000,114090.13120,b,m
2026-02-06 01:17:52,0.00017560000,40060.17300,s,m
2026-02-06 01:19:01,0.00017530000,90000.00000,s,l
2026-02-06 01:19:54,0.00017500000,14748.36470,b,l
2026-02-06 01:19:54,0.00017500000,91853.94200,b,l
2026-02-06 01:20:08,0.00017500000,200000.00000,b,l
2026-02-06 01:20:08,0.00017510000,713877.78412,b,l
2026-02-06 01:20:08,0.00017520000,200000.00000,b,l
2026-02-06 01:20:08,0.00017530000,200000.00000,b,l
2026-02-06 01:20:08,0.00017530000,500000.00000,b,l
2026-02-06 01:20:08,0.00017540000,200000.00000,b,l
2026-02-06 01:20:08,0.00017540000,219845.71588,b,l
2026-02-06 01:20:18,0.00017490000,200000.00000,s,l
2026-02-06 01:20:18,0.00017500000,107237.00000,s,l
2026-02-06 01:20:20,0.00017500000,464191.57142,s,l
2026-02-06 01:21:28,0.00017460000,138468.50700,s,l
2026-02-06 01:21:29,0.00017460000,140686.87380,s,l
2026-02-06 01:23:36,0.00017500000,68819.78620,b,l
2026-02-06 01:23:37,0.00017500000,68532.86110,b,l
2026-02-06 01:24:01,0.00017460000,197999.99800,s,l
2026-02-06 01:24:01,0.00017450000,90000.00000,s,l
2026-02-06 01:25:01,0.00017510000,200000.00000,b,m
2026-02-06 01:25:01,0.00017580000,711035.26734,b,m
2026-02-06 01:25:01,0.00017580000,200000.00000,b,m
2026-02-06 01:25:01,0.00017590000,1732916.42979,b,m
2026-02-06 01:25:02,0.00017470000,572409.84544,s,l
2026-02-06 01:25:18,0.00017460000,200000.00000,s,l
2026-02-06 01:25:58,0.00017430000,139651.89750,s,l
2026-02-06 01:25:58,0.00017430000,193206.96050,s,l
2026-02-06 01:26:02,0.00017430000,489999.99900,s,l
2026-02-06 01:27:38,0.00017450000,105790.10000,b,l
2026-02-06 01:27:57,0.00017470000,142745.60000,b,l
2026-02-06 01:29:50,0.00017410000,200000.00000,b,l
2026-02-06 01:30:20,0.00017370000,53308.14400,s,l
2026-02-06 01:30:20,0.00017370000,538.46734,s,l
2026-02-06 01:30:20,0.00017360000,52769.67666,s,l
2026-02-06 01:32:02,0.00017410000,200000.00000,s,l
2026-02-06 01:32:02,0.00017410000,485999.99800,s,l
2026-02-06 01:34:07,0.00017480000,200000.00000,b,l
2026-02-06 01:34:07,0.00017480000,200000.00000,b,l
2026-02-06 01:34:07,0.00017480000,200000.00000,b,l
2026-02-06 01:34:07,0.00017480000,70857.88070,b,l
2026-02-06 01:34:07,0.00017480000,14748.36470,b,l
2026-02-06 01:34:07,0.00017480000,14748.36470,b,l
2026-02-06 01:34:07,0.00017480000,14748.36470,b,l
2026-02-06 01:34:08,0.00017510000,72657.82120,b,l
2026-02-06 01:34:08,0.00017510000,71381.23860,b,l
2026-02-06 01:34:08,0.00017510000,72078.43650,b,l
2026-02-06 01:34:09,0.00017510000,69438.29800,b,l
2026-02-06 01:34:09,0.00017510000,69682.34500,b,l
2026-02-06 01:34:09,0.00017510000,72630.47380,b,l
2026-02-06 01:34:09,0.00017510000,70912.52050,b,l
2026-02-06 01:34:09,0.00017510000,70370.14500,b,l
2026-02-06 01:34:26,0.00017500000,200000.00000,s,l
2026-02-06 01:35:25,0.00017410000,6766.57200,s,l
2026-02-06 01:35:36,0.00017420000,90000.00000,b,l
2026-02-06 01:36:00,0.00017510000,69891.07330,b,l
2026-02-06 01:36:00,0.00017520000,200000.00000,s,l
2026-02-06 01:36:01,0.00017530000,570450.65601,s,l
2026-02-06 01:36:39,0.00017510000,200000.00000,s,l
2026-02-06 01:36:39,0.00017510000,200000.00000,s,l
2026-02-06 01:36:42,0.00017500000,500000.00000,s,l
2026-02-06 01:37:04,0.00017500000,138732.70937,s,l
2026-02-06 01:39:31,0.00017410000,200000.00000,b,l
2026-02-06 01:39:31,0.00017410000,200000.00000,b,l
2026-02-06 01:39:31,0.00017410000,14748.36470,b,l
2026-02-06 01:39:31,0.00017410000,14748.36470,b,l
2026-02-06 01:39:31,0.00017410000,200000.00000,b,l
2026-02-06 01:39:31,0.00017410000,88481.44406,b,l
2026-02-06 01:39:32,0.00017470000,200000.00000,s,l
2026-02-06 01:39:32,0.00017470000,372409.84544,s,l
2026-02-06 01:42:43,0.00017470000,200000.00000,b,l
2026-02-06 01:42:43,0.00017480000,200000.00000,b,l
2026-02-06 01:42:43,0.00017480000,152997.70000,b,l
2026-02-06 01:55:03,0.00017650000,200000.00000,b,l
2026-02-06 01:55:03,0.00017660000,71463.44188,b,l
2026-02-06 01:55:03,0.00017670000,17406.45812,b,l
2026-02-06 01:55:58,0.00017660000,200000.00000,b,l
2026-02-06 01:55:58,0.00017670000,70316.03223,b,l
2026-02-06 01:55:58,0.00017670000,2825881.90068,b,l
2026-02-06 01:55:58,0.00017680000,707013.57466,b,l
2026-02-06 01:55:58,0.00017680000,175884.89243,b,l
2026-02-06 01:56:20,0.00017650000,142818.04050,b,l
2026-02-06 01:56:20,0.00017650000,200000.00000,b,l
2026-02-06 01:56:20,0.00017650000,14748.36470,b,l
2026-02-06 01:56:20,0.00017650000,14748.36470,b,l
2026-02-06 01:56:20,0.00017650000,199999.99900,b,l
2026-02-06 01:57:00,0.00017650000,200000.00000,s,l
2026-02-06 01:57:07,0.00017620000,567536.88989,s,l
2026-02-06 01:58:00,0.00017670000,72623.53693,b,l
2026-02-06 01:58:00,0.00017670000,200000.00000,b,l
2026-02-06 01:58:00,0.00017680000,567536.88999,b,l
2026-02-06 01:58:00,0.00017690000,200000.00000,b,l
2026-02-06 01:58:00,0.00017720000,2825881.90068,b,l
2026-02-06 01:58:00,0.00017730000,200000.00000,b,l
2026-02-06 01:58:00,0.00017740000,200000.00000,b,l
2026-02-06 01:58:00,0.00017740000,258026.47240,b,l
2026-02-06 01:58:00,0.00017650000,200000.00000,s,l
2026-02-06 01:58:00,0.00017650000,200000.00000,s,l
2026-02-06 01:58:23,0.00017660000,566251.41562,s,l
2026-02-06 01:58:32,0.00017660000,200000.00000,s,l
2026-02-06 01:58:48,0.00017640000,14748.36470,b,l
2026-02-06 01:58:48,0.00017640000,10020.69400,b,l
2026-02-06 01:58:48,0.00017640000,200000.00000,b,l
2026-02-06 01:58:48,0.00017640000,200000.00000,b,l
2026-02-06 01:58:48,0.00017640000,14748.36470,b,l
2026-02-06 01:58:48,0.00017640000,126733.99200,b,l
2026-02-06 01:58:48,0.00017640000,73266.00745,b,l
2026-02-06 01:58:51,0.00017650000,200000.00000,s,l
2026-02-06 01:58:54,0.00017650000,200000.00000,s,l
2026-02-06 01:58:56,0.00017640000,200000.00000,s,l
2026-02-06 01:59:14,0.00017640000,200000.00000,s,l
2026-02-06 01:59:14,0.00017640000,200000.00000,s,l
2026-02-06 01:59:50,0.00017630000,200000.00000,s,l
2026-02-06 01:59:50,0.00017630000,200000.00000,s,l
2026-02-06 02:00:06,0.00017620000,567536.88989,s,l
2026-02-06 02:00:06,0.00017620000,500000.00000,s,l
2026-02-06 02:01:20,0.00017650000,54741.30000,b,l
2026-02-06 02:01:44,0.00017630000,14748.36470,b,l
2026-02-06 02:01:44,0.00017630000,200000.00000,b,l
2026-02-06 02:01:44,0.00017630000,14748.36470,b,l
2026-02-06 02:01:44,0.00017630000,200000.00000,b,l
2026-02-06 02:01:44,0.00017630000,138040.16000,b,l
2026-02-06 02:02:43,0.00017650000,200000.00000,s,l
2026-02-06 02:02:43,0.00017640000,200000.00000,s,l
2026-02-06 02:03:20,0.00017580000,568828.21387,s,l
2026-02-06 02:03:22,0.00017570000,552170.99150,s,l
2026-02-06 02:03:43,0.00017570000,200000.00000,s,l
2026-02-06 02:11:10,0.00017370000,200000.00000,s,l
2026-02-06 02:11:10,0.00017370000,200000.00000,s,l
2026-02-06 02:13:15,0.00017290000,53828.44372,s,m
2026-02-06 02:13:15,0.00017230000,323777.64108,s,m
2026-02-06 02:13:15,0.00017220000,200000.00000,s,m
2026-02-06 02:13:15,0.00017210000,2843560.16178,s,m
2026-02-06 02:13:15,0.00017200000,2416169.47622,s,m
2026-02-06 02:13:15,0.00017200000,200000.00000,s,m
2026-02-06 02:13:15,0.00017140000,200000.00000,s,m
2026-02-06 02:13:15,0.00017130000,6040423.69057,s,m
2026-02-06 02:13:15,0.00017110000,200000.00000,s,m
2026-02-06 02:13:15,0.00017100000,200000.00000,s,m
2026-02-06 02:13:15,0.00017100000,2024051.00000,s,m
2026-02-06 02:13:15,0.00017080000,31567709.54036,s,m
2026-02-06 02:13:15,0.00017230000,200000.00000,b,l
2026-02-06 02:13:15,0.00017230000,95982.08660,b,l
2026-02-06 02:13:15,0.00017230000,200000.00000,b,l
2026-02-06 02:13:15,0.00017230000,200000.00000,b,l
2026-02-06 02:13:15,0.00017230000,14748.36470,b,l
2026-02-06 02:13:15,0.00017230000,14748.36470,b,l
2026-02-06 02:13:15,0.00017220000,16939.87850,b,l
2026-02-06 02:13:15,0.00017220000,14748.36470,b,l
2026-02-06 02:13:15,0.00017220000,14748.36470,b,l
2026-02-06 02:13:15,0.00017220000,200000.00000,b,l
2026-02-06 02:13:15,0.00017220000,200000.00000,b,l
2026-02-06 02:13:25,0.00017120000,114090.13120,s,m
2026-02-06 02:13:25,0.00017210000,200000.00000,b,l
2026-02-06 02:13:25,0.00017220000,186951.55200,b,l
2026-02-06 02:13:26,0.00017190000,72254.33500,s,m
2026-02-06 02:13:30,0.00017260000,199999.99990,b,l
2026-02-06 02:15:27,0.00017320000,115874.85516,b,m
2026-02-06 02:16:04,0.00017250000,579710.14492,s,l
2026-02-06 02:16:10,0.00017220000,200000.00000,s,l
2026-02-06 02:16:42,0.00017280000,200000.00000,b,l
2026-02-06 02:16:42,0.00017280000,200000.00000,b,l
2026-02-06 02:16:42,0.00017280000,150213.41550,b,l
2026-02-06 02:16:42,0.00017280000,14748.36470,b,l
2026-02-06 02:16:42,0.00017280000,14748.36400,b,l
2026-02-06 02:20:07,0.00017250000,200000.00000,s,l
2026-02-06 02:20:12,0.00017220000,200000.00000,s,l
2026-02-06 02:20:25,0.00017190000,581733.56602,s,l
2026-02-06 02:21:43,0.00017150000,581733.56599,b,l
2026-02-06 02:21:43,0.00017160000,200000.00000,b,l
2026-02-06 02:21:43,0.00017190000,53873.63401,b,l
2026-02-06 02:23:43,0.00017080000,25000.00000,s,l
2026-02-06 02:23:54,0.00017080000,200000.00000,s,l
2026-02-06 02:24:03,0.00017080000,200000.00000,s,l
2026-02-06 02:25:24,0.00017080000,585480.09367,s,l
2026-02-06 02:25:47,0.00017070000,200000.00000,s,l
2026-02-06 02:25:55,0.00017080000,165079.27000,b,l
2026-02-06 02:25:55,0.00017080000,14748.36470,b,l
2026-02-06 02:25:55,0.00017080000,200000.00000,b,l
2026-02-06 02:25:55,0.00017080000,14748.36470,b,l
2026-02-06 02:25:55,0.00017080000,200000.00000,b,l
2026-02-06 02:27:09,0.00017110000,584453.53594,s,l
2026-02-06 02:27:41,0.00017110000,200000.00000,s,l
2026-02-06 02:27:41,0.00017100000,200000.00000,s,l
2026-02-06 02:27:41,0.00017080000,200000.00000,s,l
2026-02-06 02:27:46,0.00017040000,600357.62999,b,l
2026-02-06 02:29:48,0.00017130000,65339.24602,b,l
2026-02-06 02:29:48,0.00017130000,65339.24600,b,l
2026-02-06 02:31:08,0.00017240000,580046.40371,s,l
2026-02-06 02:31:10,0.00017230000,200000.00000,s,l
2026-02-06 02:31:10,0.00017230000,200000.00000,s,l
2026-02-06 02:31:10,0.00017230000,180383.05280,s,l
2026-02-06 02:33:13,0.00017200000,14748.36470,b,l
2026-02-06 02:33:13,0.00017200000,200000.00000,b,l
2026-02-06 02:33:13,0.00017200000,14748.36470,b,l
2026-02-06 02:33:13,0.00017200000,200000.00000,b,l
2026-02-06 02:33:44,0.00017280000,14748.36470,b,l
2026-02-06 02:33:44,0.00017310000,200000.00000,s,l
2026-02-06 02:34:51,0.00017240000,200000.00000,b,l
2026-02-06 02:34:51,0.00017240000,200000.00000,b,l
2026-02-06 02:34:51,0.00017240000,14748.36470,b,l
2026-02-06 02:34:51,0.00017240000,80812.91050,b,l
2026-02-06 02:34:51,0.00017240000,14748.36470,b,l
2026-02-06 02:34:51,0.00017240000,200000.00000,b,l
2026-02-06 02:34:51,0.00017240000,14748.36470,b,l
2026-02-06 02:35:17,0.00017220000,80116.43400,s,l
2026-02-06 02:36:10,0.00017360000,200000.00000,b,l
2026-02-06 02:36:10,0.00017370000,66385.80000,b,l
2026-02-06 02:37:27,0.00017280000,200000.00000,s,l
2026-02-06 02:38:07,0.00017240000,580046.40371,s,l
2026-02-06 02:38:08,0.00017220000,580720.09291,s,l
2026-02-06 02:47:49,0.00017260000,53829.64406,b,l
2026-02-06 03:00:19,0.00017040000,216354.33913,s,l
2026-02-06 03:00:19,0.00017040000,200000.00000,s,l
2026-02-06 03:02:08,0.00017000000,200000.00000,s,l
2026-02-06 03:02:08,0.00016990000,200000.00000,s,l
2026-02-06 03:02:08,0.00016990000,2360722.42756,s,l
2026-02-06 03:02:08,0.00016980000,200000.00000,s,l
2026-02-06 03:02:08,0.00016970000,120000.00000,s,l
2026-02-06 03:02:08,0.00016970000,380000.00000,s,l
2026-02-06 03:03:21,0.00017030000,200000.00000,b,l
2026-02-06 03:04:11,0.00017090000,200000.00000,b,l
2026-02-06 03:05:18,0.00017030000,200000.00000,b,l
2026-02-06 03:06:29,0.00017050000,117439.81210,b,m
2026-02-06 03:07:54,0.00016950000,200000.00000,b,l
2026-02-06 03:09:00,0.00016970000,727385.09283,b,l
2026-02-06 03:10:59,0.00016890000,54052.59010,s,l
2026-02-06 03:12:34,0.00016840000,593824.22802,s,l
2026-02-06 03:14:49,0.00016850000,200000.00000,s,l
2026-02-06 03:17:48,0.00016960000,92783.20770,b,l
2026-02-06 03:17:48,0.00016960000,14748.36470,b,l
2026-02-06 03:17:48,0.00016960000,200000.00000,b,l
2026-02-06 03:17:48,0.00016960000,14748.36470,b,l
2026-02-06 03:17:48,0.00016960000,200000.00000,b,l
2026-02-06 03:17:48,0.00016960000,14748.36470,b,l
2026-02-06 03:17:48,0.00016960000,200000.00000,b,l
2026-02-06 03:21:22,0.00016930000,43056.41453,s,l
2026-02-06 03:25:10,0.00016880000,3183873.20858,s,l
2026-02-06 03:25:11,0.00016870000,200000.00000,s,l
2026-02-06 03:25:31,0.00016870000,592768.22762,s,l
2026-02-06 03:25:36,0.00016850000,297334.51986,s,l
2026-02-06 03:26:04,0.00016880000,740521.32701,b,l
2026-02-06 03:27:19,0.00016890000,200000.00000,s,l
2026-02-06 03:27:39,0.00016890000,200000.00000,b,l
2026-02-06 03:28:49,0.00016950000,14748.36470,b,l
2026-02-06 03:28:49,0.00016950000,14748.36470,b,l
2026-02-06 03:28:49,0.00016950000,200000.00000,b,l
2026-02-06 03:28:49,0.00016950000,200000.00000,b,l
2026-02-06 03:29:02,0.00016970000,246916.40000,b,l
2026-02-06 03:31:08,0.00017040000,74031.17400,s,l
2026-02-06 03:34:19,0.00017010000,587889.47677,s,l
2026-02-06 03:36:07,0.00017060000,200000.00000,b,l
2026-02-06 03:36:07,0.00017070000,727611.76499,b,l
2026-02-06 03:36:07,0.00017080000,200000.00000,b,l
2026-02-06 03:36:07,0.00017090000,109611.63501,b,l
2026-02-06 03:36:53,0.00017030000,587199.06048,s,l
2026-02-06 03:37:01,0.00017020000,200000.00000,s,l
2026-02-06 03:37:30,0.00017020000,587544.06580,s,l
2026-02-06 03:37:47,0.00017010000,292561.46919,s,l
2026-02-06 03:49:35,0.00016920000,64407.77710,b,l
2026-02-06 03:49:35,0.00016920000,64407.77710,b,l
2026-02-06 03:49:36,0.00016920000,64407.77710,b,l
2026-02-06 03:49:36,0.00016920000,63371.82221,b,l
2026-02-06 03:49:55,0.00016890000,63032.05812,b,l
2026-02-06 03:50:24,0.00016920000,200000.00000,b,l
2026-02-06 03:56:56,0.00016900000,200000.00000,b,l
2026-02-06 03:57:42,0.00016940000,200000.00000,b,l
2026-02-06 03:57:44,0.00016950000,731144.40655,b,l
2026-02-06 03:57:45,0.00016950000,736160.18799,b,l
2026-02-06 04:07:08,0.00017000000,200000.00000,b,l
2026-02-06 04:07:08,0.00017010000,200000.00000,b,l
2026-02-06 04:07:08,0.00017010000,410898.70000,b,l
2026-02-06 04:08:51,0.00016960000,589622.64150,s,l
2026-02-06 04:09:21,0.00016940000,62694.11560,b,l
2026-02-06 04:12:01,0.00016990000,14748.36470,b,l
2026-02-06 04:12:01,0.00016990000,200000.00000,b,l
2026-02-06 04:12:01,0.00016990000,14748.36470,b,l
2026-02-06 04:12:01,0.00016990000,200000.00000,b,l
2026-02-06 04:12:01,0.00016990000,160125.91200,b,l
2026-02-06 04:12:39,0.00017040000,586854.46009,s,l
2026-02-06 04:14:41,0.00017000000,586854.45999,b,l
2026-02-06 04:18:11,0.00017120000,584112.14953,s,l
2026-02-06 04:18:12,0.00017120000,584112.14953,s,l
2026-02-06 04:18:22,0.00017090000,200000.00000,s,l
2026-02-06 04:43:49,0.00017030000,733998.82560,b,l
2026-02-06 04:44:16,0.00017030000,200000.00000,b,l
2026-02-06 04:44:16,0.00017030000,200000.00000,b,l
2026-02-06 04:44:16,0.00017030000,14748.36470,b,l
2026-02-06 04:44:16,0.00017030000,14748.36470,b,l
2026-02-06 04:46:43,0.00017130000,200000.00000,s,l
2026-02-06 04:46:43,0.00017140000,199600.24994,s,l
2026-02-06 04:46:43,0.00017150000,200000.00000,s,l
2026-02-06 04:46:43,0.00017130000,200000.00000,s,l
2026-02-06 04:46:43,0.00017130000,583771.16170,s,l
2026-02-06 04:46:43,0.00017110000,90000.00000,s,l
2026-02-06 04:46:44,0.00017130000,200000.00000,s,l
2026-02-06 04:46:44,0.00017120000,262850.00000,s,l
2026-02-06 04:46:44,0.00017120000,88751.80727,s,l
2026-02-06 04:46:44,0.00017120000,174098.19273,s,l
2026-02-06 04:46:44,0.00017120000,25901.80727,s,l
2026-02-06 04:46:44,0.00017110000,64098.19273,s,l
2026-02-06 04:46:44,0.00017110000,135901.80727,s,l
2026-02-06 04:46:44,0.00017110000,135901.80727,s,l
2026-02-06 04:55:04,0.00017090000,200000.00000,b,l
2026-02-06 04:59:11,0.00017090000,14748.36470,b,l
2026-02-06 04:59:11,0.00017090000,200000.00000,b,l
2026-02-06 04:59:11,0.00017090000,200000.00000,b,l
2026-02-06 04:59:11,0.00017090000,14748.36470,b,l
2026-02-06 04:59:11,0.00017090000,14748.36470,b,l
2026-02-06 04:59:11,0.00017090000,200000.00000,b,l
2026-02-06 04:59:11,0.00017090000,87176.79000,b,l
2026-02-06 05:02:40,0.00017220000,65802.30495,b,l
2026-02-06 05:06:01,0.00017250000,200000.00000,b,l
2026-02-06 05:10:01,0.00017200000,14748.36470,s,l
2026-02-06 05:10:01,0.00017200000,135251.63530,s,l
2026-02-06 05:10:01,0.00017200000,135251.63530,s,l
2026-02-06 05:10:01,0.00017200000,14748.36470,s,l
2026-02-06 05:10:01,0.00017200000,50000.00000,s,l
2026-02-06 05:11:03,0.00017200000,143367.50000,b,l
2026-02-06 05:16:03,0.00017270000,142477.77299,b,l
2026-02-06 05:16:45,0.00017300000,578034.68208,s,l
2026-02-06 05:17:11,0.00017260000,200000.00000,b,l
2026-02-06 05:19:04,0.00017310000,14748.36470,b,l
2026-02-06 05:19:04,0.00017310000,200000.00000,b,l
2026-02-06 05:24:00,0.00017320000,502344.99210,s,l
2026-02-06 05:26:22,0.00017300000,578034.68208,s,l
2026-02-06 05:26:42,0.00017330000,276092.80000,b,l
2026-02-06 05:28:46,0.00017350000,200000.00000,b,l
2026-02-06 05:28:46,0.00017350000,76216.00100,b,l
2026-02-06 05:28:46,0.00017350000,14748.36470,b,l
2026-02-06 05:28:46,0.00017350000,200000.00000,b,l
2026-02-06 05:28:46,0.00017350000,200000.00000,b,l
2026-02-06 05:28:46,0.00017350000,14748.36470,b,l
2026-02-06 05:28:46,0.00017350000,14748.36470,b,l
2026-02-06 05:29:03,0.00017340000,447112.09499,b,l
2026-02-06 05:32:17,0.00017430000,573723.46528,s,l
2026-02-06 05:32:18,0.00017430000,258027.00000,s,l
2026-02-06 05:32:21,0.00017430000,315696.46528,s,l
2026-02-06 05:32:40,0.00017410000,200000.00000,s,l
2026-02-06 05:39:07,0.00017450000,62357.98504,b,l
2026-02-06 05:39:07,0.00017450000,62023.65650,b,l
2026-02-06 05:42:11,0.00017480000,715102.97482,b,l
2026-02-06 05:42:11,0.00017490000,200000.00000,b,l
2026-02-06 05:42:11,0.00017510000,200000.00000,b,l
2026-02-06 05:42:11,0.00017530000,200000.00000,b,l
2026-02-06 05:42:11,0.00017540000,1415425.02518,b,l
2026-02-06 05:48:55,0.00017570000,14748.36470,b,l
2026-02-06 05:48:55,0.00017570000,200000.00000,b,l
2026-02-06 05:48:55,0.00017570000,55754.90590,b,l
2026-02-06 05:48:55,0.00017570000,14748.36470,b,l
2026-02-06 05:48:55,0.00017570000,200000.00000,b,l
2026-02-06 05:48:55,0.00017570000,14748.36470,b,l
2026-02-06 05:49:06,0.00017520000,117439.81210,s,m
2026-02-06 05:49:06,0.00017560000,113830.39271,b,m
2026-02-06 05:52:57,0.00017670000,200000.00000,b,l
2026-02-06 05:52:57,0.00017680000,200000.00000,b,l
2026-02-06 05:52:57,0.00017680000,432343.95499,b,l
2026-02-06 05:53:07,0.00017700000,14748.36470,b,l
2026-02-06 05:53:07,0.00017700000,200000.00000,b,l
2026-02-06 05:53:07,0.00017700000,135251.63530,b,l
2026-02-06 05:53:56,0.00017790000,200000.00000,b,m
2026-02-06 05:53:56,0.00017800000,24831.46067,b,m
2026-02-06 05:55:04,0.00017800000,350000.00000,s,l
2026-02-06 05:56:02,0.00017750000,563380.28169,s,l
2026-02-06 05:57:05,0.00017750000,133883.55250,b,l
2026-02-06 05:57:05,0.00017750000,14748.36470,b,l
2026-02-06 05:57:05,0.00017750000,14748.36470,b,l
2026-02-06 05:57:05,0.00017750000,200000.00000,b,l
2026-02-06 05:57:05,0.00017750000,199999.99900,b,l
2026-02-06 05:57:16,0.00017840000,200000.00000,b,l
2026-02-06 05:57:16,0.00017860000,200000.00000,b,l
2026-02-06 05:57:16,0.00017860000,155411.70000,b,l
2026-02-06 05:57:56,0.00017770000,200000.00000,s,l
2026-02-06 06:00:15,0.00017750000,563380.28169,s,l
2026-02-06 06:03:32,0.00017740000,200000.00000,b,l
2026-02-06 06:03:32,0.00017740000,14748.36470,b,l
2026-02-06 06:03:32,0.00017740000,200000.00000,b,l
2026-02-06 06:03:32,0.00017740000,14748.36470,b,l
2026-02-06 06:03:32,0.00017740000,200000.00000,b,l
2026-02-06 06:03:33,0.00017740000,40503.27060,b,l
2026-02-06 06:03:33,0.00017780000,200000.00000,b,l
2026-02-06 06:03:33,0.00017840000,67986.34584,b,l
2026-02-06 06:03:33,0.00017840000,563380.28199,b,l
2026-02-06 06:03:33,0.00017840000,200000.00000,b,l
2026-02-06 06:03:33,0.00017850000,222712.40157,b,l
2026-02-06 06:05:08,0.00017770000,200000.00000,s,l
2026-02-06 06:06:31,0.00017750000,200000.00000,s,l
2026-02-06 06:06:34,0.00017740000,563697.85794,s,l
2026-02-06 06:07:01,0.00017760000,200000.00000,b,l
2026-02-06 06:07:01,0.00017770000,69705.20163,b,l
2026-02-06 06:07:01,0.00017780000,200000.00000,b,l
2026-02-06 06:07:01,0.00017830000,530294.79837,b,l
2026-02-06 06:07:47,0.00017770000,200000.00000,s,l
2026-02-06 06:08:12,0.00017760000,563063.06306,s,l
2026-02-06 06:08:41,0.00017760000,563063.06306,s,l
2026-02-06 06:09:02,0.00017730000,200000.00000,b,l
2026-02-06 06:09:02,0.00017730000,14748.36470,b,l
2026-02-06 06:09:02,0.00017730000,200000.00000,b,l
2026-02-06 06:09:02,0.00017730000,29492.67530,b,l
2026-02-06 06:09:02,0.00017730000,14748.36470,b,l
2026-02-06 06:09:02,0.00017740000,61691.12050,b,l
2026-02-06 06:09:54,0.00017780000,4032536.27875,s,l
2026-02-06 06:09:54,0.00017780000,587958.72125,s,l
2026-02-06 06:09:54,0.00017740000,200000.00000,s,l
2026-02-06 06:09:54,0.00017730000,564015.79244,s,l
2026-02-06 06:09:54,0.00017730000,97514.88856,s,l
2026-02-06 06:18:17,0.00017570000,409122.73950,b,l
2026-02-06 06:22:05,0.00017620000,65176.01820,b,l
2026-02-06 06:22:05,0.00017620000,14748.36470,b,l
2026-02-06 06:22:05,0.00017620000,200000.00000,b,l
2026-02-06 06:22:05,0.00017620000,14748.36470,b,l
2026-02-06 06:22:05,0.00017620000,14748.36470,b,l
2026-02-06 06:22:05,0.00017620000,200000.00000,b,l
2026-02-06 06:22:05,0.00017620000,200000.00000,b,l
2026-02-06 06:26:56,0.00017550000,169800.56980,s,l
2026-02-06 06:26:56,0.00017550000,200000.00000,s,l
2026-02-06 06:26:56,0.00017550000,200000.00000,s,l
2026-02-06 06:27:01,0.00017540000,570125.42759,s,l
2026-02-06 06:27:12,0.00017660000,707814.26953,b,l
2026-02-06 06:27:12,0.00017660000,200000.00000,b,l
2026-02-06 06:27:12,0.00017660000,1092185.73047,b,l
2026-02-06 06:27:12,0.00017570000,200000.00000,s,l
2026-02-06 06:28:04,0.00017570000,200000.00000,b,l
2026-02-06 06:28:04,0.00017570000,14748.36470,b,l
2026-02-06 06:28:04,0.00017570000,14748.36470,b,l
2026-02-06 06:28:04,0.00017570000,148626.71850,b,l
2026-02-06 06:28:04,0.00017570000,199999.99900,b,l
2026-02-06 06:30:17,0.00017650000,19791.00000,b,l
2026-02-06 06:33:30,0.00017590000,200000.00000,s,l
2026-02-06 06:33:48,0.00017590000,200000.00000,s,l
2026-02-06 06:33:50,0.00017590000,200000.00000,s,l
2026-02-06 06:34:27,0.00017580000,200000.00000,s,l
2026-02-06 06:34:33,0.00017580000,200000.00000,s,l
2026-02-06 06:34:33,0.00017570000,209838.00000,s,l
2026-02-06 06:41:42,0.00017580000,200000.00000,s,l
2026-02-06 06:41:42,0.00017580000,368828.21387,s,l
2026-02-06 06:44:21,0.00017520000,200000.00000,s,l
2026-02-06 06:44:21,0.00017520000,14748.36470,s,l
2026-02-06 06:44:21,0.00017520000,14748.36470,s,l
2026-02-06 06:44:21,0.00017520000,141279.52630,s,l
2026-02-06 06:44:21,0.00017520000,200000.00000,s,l
2026-02-06 06:45:17,0.00017480000,14748.36470,b,l
2026-02-06 06:45:17,0.00017480000,200000.00000,b,l
2026-02-06 06:45:17,0.00017480000,14748.36470,b,l
2026-02-06 06:45:17,0.00017480000,200000.00000,b,l
2026-02-06 06:45:17,0.00017480000,14748.36470,b,l
2026-02-06 06:45:17,0.00017480000,200000.00000,b,l
2026-02-06 06:45:17,0.00017480000,70857.88070,b,l
2026-02-06 06:46:46,0.00017450000,573065.90257,s,l
2026-02-06 07:01:15,0.00017320000,14748.36470,s,l
2026-02-06 07:01:15,0.00017320000,34966.94240,s,l
2026-02-06 07:01:15,0.00017320000,185251.63532,s,l
2026-02-06 07:02:31,0.00017300000,151376.05099,b,l
2026-02-06 07:02:58,0.00017260000,113830.39271,s,m
2026-02-06 07:02:58,0.00017260000,86169.60729,s,m
2026-02-06 07:02:58,0.00017240000,29705.24771,s,m
2026-02-06 07:04:59,0.00017340000,116009.28074,b,m
2026-02-06 07:22:29,0.00017340000,720876.58592,b,l
2026-02-06 07:22:32,0.00017340000,720876.58592,b,l
2026-02-06 07:23:56,0.00017400000,574712.64367,s,l
2026-02-06 07:26:39,0.00017380000,137491.10000,b,l
2026-02-06 07:28:19,0.00017340000,137966.80000,b,l
2026-02-06 07:28:38,0.00017350000,14748.36470,b,l
2026-02-06 07:28:38,0.00017350000,200000.00000,b,l
2026-02-06 07:28:38,0.00017350000,145835.08150,b,l
2026-02-06 07:28:38,0.00017350000,200000.00000,b,l
2026-02-06 07:28:38,0.00017350000,14748.36400,b,l
2026-02-06 07:31:08,0.00017460000,572737.68613,s,l
2026-02-06 07:40:22,0.00017460000,572737.68613,s,l
2026-02-06 07:49:41,0.00017400000,61360.36748,b,l
2026-02-06 07:49:42,0.00017400000,61031.38768,b,l
2026-02-06 08:03:52,0.00017320000,200000.00000,b,l
2026-02-06 08:03:52,0.00017330000,374712.64367,b,l
2026-02-06 08:03:59,0.00017290000,195999.99800,s,l
2026-02-06 08:04:00,0.00017310000,200000.00000,b,l
2026-02-06 08:05:30,0.00017450000,483125.73670,s,l
2026-02-06 08:11:15,0.00017410000,90000.00000,b,l
2026-02-06 08:11:15,0.00017400000,671547.93481,b,l
2026-02-06 08:11:15,0.00017410000,100000.00000,b,l
2026-02-06 08:11:15,0.00017410000,10000.00000,b,l
2026-02-06 08:11:15,0.00017420000,292196.00000,b,l
2026-02-06 08:15:03,0.00017440000,200000.00000,s,l
2026-02-06 08:15:08,0.00017450000,573065.90257,s,l
2026-02-06 08:18:28,0.00017280000,200000.00000,s,l
2026-02-06 08:18:28,0.00017270000,200000.00000,s,l
2026-02-06 08:18:28,0.00017270000,400000.00000,s,l
2026-02-06 08:21:02,0.00017350000,14748.36470,b,l
2026-02-06 08:21:02,0.00017350000,200000.00000,b,l
2026-02-06 08:21:02,0.00017350000,14748.36470,b,l
2026-02-06 08:21:02,0.00017350000,200000.00000,b,l
2026-02-06 08:21:02,0.00017350000,14748.36470,b,l
2026-02-06 08:21:02,0.00017350000,200000.00000,b,l
2026-02-06 08:21:02,0.00017350000,76216.00100,b,l
2026-02-06 08:25:51,0.00017310000,200000.00000,b,l
2026-02-06 08:25:51,0.00017310000,14748.36470,b,l
2026-02-06 08:27:23,0.00017280000,200000.00000,s,l
2026-02-06 08:27:23,0.00017280000,14748.36470,s,l
2026-02-06 08:27:23,0.00017280000,149206.97430,s,l
2026-02-06 08:27:24,0.00017280000,14748.36470,s,l
2026-02-06 08:27:24,0.00017280000,178703.70370,s,l
2026-02-06 08:27:24,0.00017280000,21296.29630,s,l
2026-02-06 08:28:34,0.00017250000,200000.00000,b,l
2026-02-06 08:28:34,0.00017260000,106637.00000,b,l
2026-02-06 08:28:34,0.00017260000,100000.00000,b,l
2026-02-06 08:29:15,0.00017190000,200000.00000,b,l
2026-02-06 08:29:19,0.00017240000,164099.00000,b,l
2026-02-06 08:29:32,0.00017180000,200000.00000,b,l
2026-02-06 08:29:42,0.00017170000,60704.17168,b,l
2026-02-06 08:29:42,0.00017170000,60704.17168,b,l
2026-02-06 08:29:44,0.00017160000,200000.00000,b,l
2026-02-06 08:29:45,0.00017160000,474780.31999,b,l
2026-02-06 08:31:04,0.00017150000,5637.54900,s,l
2026-02-06 08:32:41,0.00017240000,580046.40371,s,l
2026-02-06 08:33:08,0.00017200000,200000.00000,b,l
2026-02-06 08:33:08,0.00017200000,14748.36470,b,l
2026-02-06 08:33:08,0.00017200000,14748.36470,b,l
2026-02-06 08:33:08,0.00017200000,150549.67450,b,l
2026-02-06 08:33:08,0.00017200000,199999.99900,b,l
2026-02-06 08:35:04,0.00017260000,579374.27578,s,l
2026-02-06 08:35:08,0.00017250000,579710.14492,s,l
2026-02-06 08:39:59,0.00017250000,200000.00000,s,l
2026-02-06 08:39:59,0.00017250000,500000.00000,s,l
2026-02-06 08:40:35,0.00017230000,200000.00000,b,l
2026-02-06 08:40:35,0.00017230000,525478.81601,b,l
2026-02-06 08:40:35,0.00017240000,200000.00000,b,l
2026-02-06 08:41:01,0.00017230000,436591.48821,s,l
2026-02-06 08:42:09,0.00017220000,189868.72800,b,l
2026-02-06 08:42:09,0.00017220000,14748.36470,b,l
2026-02-06 08:43:03,0.00017210000,14748.36470,s,l
2026-02-06 08:43:03,0.00017210000,14748.36470,s,l
2026-02-06 08:43:03,0.00017210000,200000.00000,s,l
2026-02-06 08:43:03,0.00017210000,14748.36470,s,l
2026-02-06 08:43:03,0.00017210000,200000.00000,s,l
2026-02-06 08:43:03,0.00017210000,136812.43059,s,l
2026-02-06 08:49:21,0.00017290000,90000.00000,b,l
2026-02-06 09:06:05,0.00017310000,5528.20000,b,l
2026-02-06 09:18:04,0.00017340000,90000.00000,b,l
2026-02-06 09:18:50,0.00017330000,200000.00000,s,l
2026-02-06 09:18:50,0.00017330000,200000.00000,s,l
2026-02-06 09:18:50,0.00017330000,200000.00000,s,l
2026-02-06 09:18:50,0.00017330000,200000.00000,s,l
2026-02-06 09:18:50,0.00017330000,14748.36470,s,l
2026-02-06 09:18:50,0.00017330000,14748.36470,s,l
2026-02-06 09:18:50,0.00017330000,14748.36470,s,l
2026-02-06 09:18:50,0.00017330000,14748.36470,s,l
2026-02-06 09:18:50,0.00017330000,31343.12400,s,l
2026-02-06 09:18:50,0.00017330000,200000.00000,s,l
2026-02-06 09:18:50,0.00017330000,200000.00000,s,l
2026-02-06 09:18:50,0.00017330000,200000.00000,s,l
2026-02-06 09:18:50,0.00017330000,200000.00000,s,l
2026-02-06 09:18:50,0.00017330000,2861427.41720,s,l
2026-02-06 09:18:51,0.00017310000,14748.36470,b,l
2026-02-06 09:18:51,0.00017310000,14748.36470,b,l
2026-02-06 09:18:51,0.00017310000,200000.00000,b,l
2026-02-06 09:18:51,0.00017310000,200000.00000,b,l
2026-02-06 09:18:51,0.00017310000,14748.36470,b,l
2026-02-06 09:18:51,0.00017310000,200000.00000,b,l
2026-02-06 09:18:51,0.00017310000,77880.84460,b,l
2026-02-06 09:18:52,0.00017370000,200000.00000,b,l
2026-02-06 09:18:52,0.00017370000,500000.00000,b,l
2026-02-06 09:24:21,0.00017490000,80000.00000,b,m
2026-02-06 09:28:10,0.00017500000,524511.58599,b,l
2026-02-06 09:28:10,0.00017510000,500000.00000,b,l
2026-02-06 09:28:10,0.00017520000,14748.36470,b,l
2026-02-06 09:28:10,0.00017520000,70503.27060,b,l
2026-02-06 09:28:10,0.00017520000,14748.36470,b,l
2026-02-06 09:28:10,0.00017520000,200000.00000,b,l
2026-02-06 09:28:10,0.00017520000,200000.00000,b,l
2026-02-06 09:29:16,0.00017520000,14748.36470,b,l
2026-02-06 09:29:16,0.00017520000,67142.75510,b,l
2026-02-06 09:29:16,0.00017520000,200000.00000,b,l
2026-02-06 09:29:21,0.00017550000,548195.99999,s,l
2026-02-06 09:30:38,0.00017660000,5606.40000,b,l
2026-02-06 09:32:51,0.00017620000,22838.20000,b,l
2026-02-06 09:48:31,0.00017680000,244165.00000,b,l
2026-02-06 09:48:31,0.00017700000,110000.00000,b,l
2026-02-06 09:48:31,0.00017700000,90000.00000,b,l
2026-02-06 09:48:31,0.00017710000,44291.00000,b,l
2026-02-06 09:48:39,0.00017700000,200000.00000,b,l
2026-02-06 09:48:39,0.00017700000,98424.59999,b,l
2026-02-06 09:48:39,0.00017700000,101575.40001,b,l
2026-02-06 09:48:39,0.00017700000,14748.36470,b,l
2026-02-06 09:48:39,0.00017700000,154179.50580,b,l
2026-02-06 09:48:39,0.00017700000,14748.36470,b,l
2026-02-06 09:48:39,0.00017700000,14748.36470,b,l
2026-02-06 09:48:39,0.00017700000,200000.00000,b,l
2026-02-06 09:52:54,0.00017790000,548195.99999,s,l
2026-02-06 09:52:55,0.00017770000,116009.28074,s,m
2026-02-06 09:54:57,0.00017790000,112549.24029,b,m
2026-02-06 10:02:29,0.00017740000,90000.00000,b,l
2026-02-06 10:03:11,0.00017790000,200000.00000,b,l
2026-02-06 10:19:33,0.00017820000,84375.00000,b,l
2026-02-06 10:38:51,0.00017850000,200000.00000,b,l
2026-02-06 10:38:52,0.00017850000,1204494.38203,s,l
2026-02-06 10:38:59,0.00017840000,118699.27050,b,l
2026-02-06 10:38:59,0.00017840000,14748.36470,b,l
2026-02-06 10:38:59,0.00017840000,200000.00000,b,l
2026-02-06 10:38:59,0.00017840000,200000.00000,b,l
2026-02-06 10:38:59,0.00017840000,14748.36400,b,l
2026-02-06 10:40:20,0.00017830000,200000.00000,s,l
2026-02-06 10:40:20,0.00017820000,200000.00000,s,l
2026-02-06 10:40:20,0.00017820000,548195.99999,s,l
2026-02-06 10:40:20,0.00017800000,51804.00001,s,l
2026-02-06 10:46:14,0.00017920000,5340.10000,b,l
2026-02-06 10:51:06,0.00017730000,17678.09443,b,l
2026-02-06 10:51:06,0.00017730000,17678.09443,b,l
2026-02-06 10:51:06,0.00017730000,17678.09443,b,l
2026-02-06 10:51:06,0.00017730000,17678.09443,b,l
2026-02-06 11:15:02,0.00017840000,18419.16308,b,l
2026-02-06 11:15:02,0.00017840000,18419.16308,b,l
2026-02-06 11:15:02,0.00017840000,18419.16308,b,l
2026-02-06 11:15:02,0.00017840000,18419.16308,b,l
2026-02-06 11:15:02,0.00017840000,18419.16308,b,l
2026-02-06 11:15:02,0.00017840000,18419.16308,b,l
2026-02-06 11:15:02,0.00017840000,18419.16308,b,l
2026-02-06 11:29:34,0.00017860000,200000.00000,b,l
2026-02-06 11:29:34,0.00017860000,14748.36470,b,l
2026-02-06 11:29:34,0.00017860000,113359.17050,b,l
2026-02-06 11:29:34,0.00017860000,14748.36470,b,l
2026-02-06 11:29:34,0.00017860000,199999.99900,b,l
2026-02-06 11:35:51,0.00017950000,200000.00000,s,l
2026-02-06 11:36:15,0.00017980000,200000.00000,s,l
2026-02-06 11:36:15,0.00017970000,548195.99999,s,l
2026-02-06 11:46:55,0.00017830000,548195.99999,b,l
2026-02-06 11:47:33,0.00017890000,548195.99999,s,l
2026-02-06 11:52:30,0.00017960000,200000.00000,b,l
2026-02-06 11:52:30,0.00017960000,14748.36470,b,l
2026-02-06 11:52:30,0.00017960000,200000.00000,b,l
2026-02-06 11:52:30,0.00017960000,65253.67210,b,l
2026-02-06 11:52:30,0.00017960000,14748.36470,b,l
2026-02-06 12:06:04,0.00017890000,200000.00000,s,l
2026-02-06 12:06:05,0.00017880000,200000.00000,s,l
2026-02-06 12:07:48,0.00017920000,2907353.66310,b,m
2026-02-06 12:07:48,0.00017930000,2775592.85071,b,m
2026-02-06 12:07:48,0.00017970000,200000.00000,b,m
2026-02-06 12:07:48,0.00017980000,200000.00000,b,m
2026-02-06 12:07:48,0.00017980000,2389103.10606,b,m
2026-02-06 12:07:48,0.00018060000,200000.00000,b,m
2026-02-06 12:07:48,0.00018070000,39729.68575,b,m
2026-02-06 12:07:48,0.00018070000,200000.00000,b,m
2026-02-06 12:07:48,0.00018210000,18673468.03954,b,m
2026-02-06 12:07:48,0.00017890000,199600.24994,s,l
2026-02-06 12:07:48,0.00017910000,200000.00000,s,l
2026-02-06 12:07:48,0.00017900000,200000.00000,s,l
2026-02-06 12:07:48,0.00017900000,500000.00000,s,l
2026-02-06 12:07:49,0.00017990000,200000.00000,s,l
2026-02-06 12:07:49,0.00017980000,327136.85445,s,l
2026-02-06 12:07:49,0.00017970000,200000.00000,s,l
2026-02-06 12:09:18,0.00017900000,80000.00000,s,l
2026-02-06 12:09:41,0.00017890000,200000.00000,b,l
2026-02-06 12:09:41,0.00017890000,14748.36470,b,l
2026-02-06 12:09:41,0.00017890000,32626.83610,b,l
2026-02-06 12:09:41,0.00017890000,123687.60040,b,l
2026-02-06 12:09:41,0.00017890000,9519.65070,b,l
2026-02-06 12:09:41,0.00017900000,57083.97480,b,l
2026-02-06 12:09:41,0.00017900000,28541.98740,b,l
2026-02-06 12:10:14,0.00017950000,122219.39129,s,l
2026-02-06 12:14:35,0.00017940000,14270.99370,b,l
2026-02-06 12:14:35,0.00017940000,7135.49690,b,l
2026-02-06 12:20:51,0.00017940000,121645.12755,s,l
2026-02-06 12:29:43,0.00018010000,200000.00000,b,m
2026-02-06 12:29:43,0.00018010000,32423.15346,b,m
2026-02-06 12:29:43,0.00018020000,200000.00000,b,m
2026-02-06 12:29:43,0.00018020000,500000.00000,b,m
2026-02-06 12:29:43,0.00018050000,56989.96479,b,m
2026-02-06 12:29:43,0.00018060000,2783226.62000,b,m
2026-02-06 12:29:43,0.00018070000,200000.00000,b,m
2026-02-06 12:29:43,0.00018160000,2155284.32665,b,m
2026-02-06 12:29:43,0.00018220000,200000.00000,b,m
2026-02-06 12:29:43,0.00018240000,200000.00000,b,m
2026-02-06 12:29:43,0.00018240000,12894241.50000,b,m
2026-02-06 12:29:43,0.00018240000,5388210.81666,b,m
2026-02-06 12:29:43,0.00018290000,200000.00000,b,m
2026-02-06 12:29:43,0.00018300000,350000.00000,b,m
2026-02-06 12:29:43,0.00018300000,200000.00000,b,m
2026-02-06 12:29:43,0.00018360000,200000.00000,b,m
2026-02-06 12:29:43,0.00018360000,85511.98257,b,m
2026-02-06 12:29:43,0.00018380000,200000.00000,b,m
2026-02-06 12:29:43,0.00018390000,1400077.43339,b,m
2026-02-06 12:29:45,0.00018010000,122126.25711,s,l
2026-02-06 12:29:45,0.00018030000,122126.25711,s,l
2026-02-06 12:29:45,0.00018040000,431426.84296,s,l
2026-02-06 12:29:45,0.00018030000,77873.74289,s,l
2026-02-06 12:29:45,0.00018010000,77873.74289,s,l
2026-02-06 12:29:45,0.00017990000,190000.00000,s,l
2026-02-06 12:29:46,0.00017950000,190000.00000,s,l
2026-02-06 12:30:24,0.00017970000,200000.00000,s,l
2026-02-06 12:30:28,0.00017970000,200000.00000,s,l
2026-02-06 12:31:56,0.00018000000,200000.00000,s,l
2026-02-06 12:31:56,0.00018000000,200000.00000,s,l
2026-02-06 12:31:57,0.00017990000,90000.00000,s,l
2026-02-06 12:31:57,0.00017990000,90000.00000,s,l
2026-02-06 12:31:58,0.00017990000,20000.00000,s,l
2026-02-06 12:31:58,0.00017990000,500000.00000,s,l
2026-02-06 12:33:19,0.00018000000,200000.00000,s,l
2026-02-06 12:37:38,0.00017990000,200000.00000,s,l
2026-02-06 12:37:38,0.00017990000,200000.00000,s,l
2026-02-06 12:39:34,0.00017990000,200000.00000,s,l
2026-02-06 12:41:00,0.00018020000,200000.00000,s,l
2026-02-06 12:48:06,0.00017980000,200000.00000,s,l
2026-02-06 12:48:06,0.00017980000,85804.43355,s,l
2026-02-06 12:49:50,0.00017990000,200000.00000,b,l
2026-02-06 12:49:50,0.00017990000,553646.23400,b,l
2026-02-06 12:49:50,0.00018000000,200000.00000,s,l
2026-02-06 12:50:10,0.00018010000,200000.00000,s,l
2026-02-06 12:50:10,0.00018000000,200000.00000,s,l
2026-02-06 12:50:34,0.00018000000,200000.00000,s,l
2026-02-06 12:50:34,0.00018000000,200000.00000,s,l
2026-02-06 12:59:42,0.00018130000,200000.00000,b,l
2026-02-06 12:59:42,0.00018130000,200000.00000,s,l
2026-02-06 12:59:42,0.00018130000,14748.36470,s,l
2026-02-06 12:59:42,0.00018130000,136823.61544,s,l
2026-02-06 12:59:42,0.00018040000,158207.00000,s,l
2026-02-06 13:10:08,0.00018230000,54311.50000,b,l
2026-02-06 13:11:23,0.00018240000,200000.00000,s,l
2026-02-06 13:11:23,0.00018230000,200000.00000,s,l
2026-02-06 13:14:42,0.00018300000,14748.36470,b,l
2026-02-06 13:14:42,0.00018300000,200000.00000,b,l
2026-02-06 13:14:42,0.00018300000,135251.63530,b,l
2026-02-06 13:20:38,0.00018390000,3970778.31200,b,l
2026-02-06 13:20:40,0.00018450000,341029.81028,s,l
2026-02-06 13:22:54,0.00018510000,108401.08401,b,m
2026-02-06 13:26:27,0.00018430000,123695.40000,b,l
2026-02-06 13:26:54,0.00018400000,135251.63530,s,l
2026-02-06 13:26:54,0.00018400000,200000.00000,s,l
2026-02-06 13:26:54,0.00018400000,14748.36470,s,l
2026-02-06 13:34:00,0.00018310000,84375.00000,s,l
2026-02-06 13:34:00,0.00018280000,200000.00000,s,l
2026-02-06 13:34:00,0.00018270000,200000.00000,s,l
2026-02-06 13:34:00,0.00018270000,149139.90000,s,l
2026-02-06 13:34:58,0.00018310000,14748.36470,b,l
2026-02-06 13:34:58,0.00018310000,14748.36470,b,l
2026-02-06 13:34:58,0.00018310000,200000.00000,b,l
2026-02-06 13:34:58,0.00018310000,111533.08060,b,l
2026-02-06 13:34:58,0.00018310000,199999.99900,b,l
2026-02-06 13:34:58,0.00018340000,200000.00000,s,l
2026-02-06 13:37:47,0.00018380000,90000.00000,s,l
2026-02-06 13:37:47,0.00018360000,90000.00000,s,l
2026-02-06 13:38:51,0.00018470000,13705.10000,b,l
2026-02-06 13:41:01,0.00018420000,84375.00000,s,l
2026-02-06 13:42:04,0.00018440000,200000.00000,s,l
2026-02-06 13:42:04,0.00018440000,200000.00000,s,l
2026-02-06 13:42:28,0.00018440000,200000.00000,s,l
2026-02-06 13:42:28,0.00018440000,200000.00000,s,l
2026-02-06 13:44:45,0.00018510000,200000.00000,b,l
2026-02-06 13:44:45,0.00018530000,2888146.48146,b,l
2026-02-06 13:44:45,0.00018540000,2720811.73677,b,l
2026-02-06 13:44:45,0.00018540000,200000.00000,b,l
2026-02-06 13:44:45,0.00018560000,63566.20000,b,l
2026-02-06 13:44:45,0.00018560000,200000.00000,b,l
2026-02-06 13:44:45,0.00018620000,200000.00000,b,l
2026-02-06 13:44:45,0.00018640000,98909.98177,b,l
2026-02-06 13:49:49,0.00018460000,90000.00000,s,l
2026-02-06 13:51:04,0.00018640000,101090.01823,b,m
2026-02-06 13:51:04,0.00018650000,39729.68575,b,m
2026-02-06 13:51:04,0.00018650000,200000.00000,b,m
2026-02-06 13:51:04,0.00018650000,63206.80000,b,m
2026-02-06 13:51:04,0.00018680000,2720811.73677,b,m
2026-02-06 13:51:04,0.00018680000,200000.00000,b,m
2026-02-06 13:51:04,0.00018690000,1417011.11346,b,m
2026-02-06 13:51:04,0.00018690000,200000.00000,b,m
2026-02-06 13:51:04,0.00018730000,200000.00000,b,m
2026-02-06 13:51:04,0.00018780000,3542527.78365,b,m
2026-02-06 13:51:04,0.00018790000,200000.00000,b,m
2026-02-06 13:51:04,0.00018800000,259042.55319,b,m
2026-02-06 13:51:04,0.00018800000,200000.00000,b,m
2026-02-06 13:51:04,0.00018880000,1325240.62500,b,m
2026-02-06 13:51:05,0.00018530000,118491.98563,s,l
2026-02-06 13:51:05,0.00018560000,90000.00000,s,l
2026-02-06 13:51:05,0.00018560000,200000.00000,s,l
2026-02-06 13:51:05,0.00018560000,48469.82757,s,l
2026-02-06 13:51:05,0.00018550000,200000.00000,s,l
2026-02-06 13:51:05,0.00018530000,81508.01437,s,l
2026-02-06 13:51:05,0.00018510000,200000.00000,s,l
2026-02-06 13:51:05,0.00018490000,200000.00000,s,l
2026-02-06 13:52:05,0.00018440000,259845.58510,s,l
2026-02-06 13:52:05,0.00018430000,200000.00000,s,l
2026-02-06 13:58:11,0.00018350000,168750.00000,s,l
2026-02-06 13:58:11,0.00018350000,31250.00000,s,l
2026-02-06 14:02:02,0.00018370000,200000.00000,b,l
2026-02-06 14:06:46,0.00018280000,15177.50000,s,l
2026-02-06 14:30:03,0.00018350000,200000.00000,b,l
2026-02-06 14:30:03,0.00018360000,200000.00000,b,l
2026-02-06 14:30:03,0.00018360000,2631338.62140,b,l
2026-02-06 14:30:03,0.00018370000,200000.00000,b,l
2026-02-06 14:30:03,0.00018370000,500000.00000,b,l
2026-02-06 14:30:03,0.00018370000,1910735.42525,b,l
2026-02-06 14:30:03,0.00018490000,538469.82799,b,l
2026-02-06 14:30:03,0.00018490000,200000.00000,b,l
2026-02-06 14:30:03,0.00018520000,200000.00000,b,l
2026-02-06 14:30:03,0.00018580000,931626.73287,b,l
2026-02-06 14:30:03,0.00018590000,200000.00000,b,l
2026-02-06 14:30:03,0.00018820000,2329066.83219,b,l
2026-02-06 14:30:03,0.00018820000,200000.00000,b,l
2026-02-06 14:30:03,0.00018830000,14315611.57479,b,l
2026-02-06 14:30:03,0.00018840000,3105422.44292,b,l
2026-02-06 14:30:03,0.00018860000,200000.00000,b,l
2026-02-06 14:30:03,0.00018870000,128245.89295,b,l
2026-02-06 14:30:03,0.00018870000,200000.00000,b,l
2026-02-06 14:30:03,0.00018890000,200000.00000,b,l
2026-02-06 14:30:03,0.00018900000,350000.00000,b,l
2026-02-06 14:30:03,0.00018900000,200000.00000,b,l
2026-02-06 14:30:03,0.00019040000,3105422.44292,b,l
2026-02-06 14:30:03,0.00019070000,9543741.04985,b,l
2026-02-06 14:30:03,0.00019080000,200000.00000,b,l
2026-02-06 14:30:03,0.00019090000,1585667.85687,b,l
2026-02-06 14:30:03,0.00018380000,119735.52715,s,l
2026-02-06 14:30:03,0.00018380000,80264.47285,s,l
2026-02-06 14:30:03,0.00018380000,119335.77709,b,l
2026-02-06 14:30:03,0.00018390000,200000.00000,s,l
2026-02-06 14:30:03,0.00018390000,44334.58280,s,l
2026-02-06 14:30:03,0.00018390000,200000.00000,s,l
2026-02-06 14:30:03,0.00018380000,200000.00000,s,l
2026-02-06 14:30:03,0.00018360000,200000.00000,s,l
2026-02-06 14:30:03,0.00018340000,90000.00000,s,l
2026-02-06 14:30:03,0.00018340000,110000.00000,s,l
2026-02-06 14:30:03,0.00018330000,80000.00000,s,l
2026-02-06 14:30:03,0.00018380000,200000.00000,b,l
2026-02-06 14:30:03,0.00018370000,80000.00000,b,l
2026-02-06 14:30:38,0.00018520000,63715.20000,b,l
2026-02-06 14:30:59,0.00018450000,128728.09751,s,l
2026-02-06 14:30:59,0.00018450000,200000.00000,s,l
2026-02-06 14:31:00,0.00018440000,225000.00000,s,l
2026-02-06 14:31:00,0.00018430000,220000.00000,s,l
2026-02-06 14:31:00,0.00018420000,14748.36470,s,l
2026-02-06 14:31:00,0.00018420000,70503.27060,s,l
2026-02-06 14:31:00,0.00018420000,14748.36470,s,l
2026-02-06 14:31:00,0.00018420000,200000.00000,s,l
2026-02-06 14:31:00,0.00018420000,14748.36470,s,l
2026-02-06 14:31:00,0.00018420000,185251.63530,s,l
2026-02-06 14:31:41,0.00018430000,118523.02581,s,l
2026-02-06 14:32:08,0.00018430000,200000.00000,s,l
2026-02-06 14:32:08,0.00018420000,500000.00000,s,l
2026-02-06 14:32:08,0.00018420000,200000.00000,s,l
2026-02-06 14:32:08,0.00018420000,255631.89998,s,l
2026-02-06 14:32:08,0.00018420000,110000.00000,s,l
2026-02-06 14:32:13,0.00018430000,200000.00000,s,l
2026-02-06 14:32:13,0.00018430000,200000.00000,s,l
2026-02-06 14:32:21,0.00018420000,500000.00000,s,l
2026-02-06 14:32:21,0.00018410000,94534.00000,s,l
2026-02-06 14:32:21,0.00018410000,97249.00000,s,l
2026-02-06 14:32:21,0.00018410000,308217.00000,s,l
2026-02-06 14:32:21,0.00018400000,94534.00000,s,l
2026-02-06 14:32:36,0.00018420000,200000.00000,s,l
2026-02-06 14:32:37,0.00018420000,95625.00000,s,l
2026-02-06 14:32:37,0.00018420000,404375.00000,s,l
2026-02-06 14:32:37,0.00018410000,200000.00000,s,l
2026-02-06 14:32:37,0.00018410000,19375.00000,s,l
2026-02-06 14:32:37,0.00018410000,90000.00000,s,l
2026-02-06 14:32:37,0.00018410000,89999.00000,s,l
2026-02-06 14:32:37,0.00018410000,95625.00000,s,l
2026-02-06 14:32:37,0.00018410000,205001.00000,s,l
2026-02-06 14:32:37,0.00018400000,4999.00000,s,l
2026-02-06 14:32:44,0.00018430000,148921.99520,b,l
2026-02-06 14:32:44,0.00018430000,14748.36470,b,l
2026-02-06 14:32:44,0.00018430000,200000.00000,b,l
2026-02-06 14:32:56,0.00018430000,99739.52200,s,l
2026-02-06 14:34:40,0.00018610000,500000.00000,s,l
2026-02-06 14:36:02,0.00018530000,200000.00000,s,l
2026-02-06 14:36:03,0.00018520000,500000.00000,s,l
2026-02-06 14:36:03,0.00018520000,140303.80000,s,l
2026-02-06 14:36:03,0.00018520000,59696.20000,s,l
2026-02-06 14:36:03,0.00018510000,200000.00000,s,l
2026-02-06 14:36:03,0.00018510000,89212.60000,s,l
2026-02-06 14:36:57,0.00018670000,435612.00578,s,l
2026-02-06 14:40:06,0.00018570000,535351.52800,b,l
2026-02-06 14:45:13,0.00018790000,117116.46731,s,l
2026-02-06 14:45:13,0.00018790000,415081.51033,s,l
2026-02-06 14:45:13,0.00018790000,200000.00000,s,l
2026-02-06 14:45:13,0.00018780000,117683.54027,s,l
2026-02-06 14:45:13,0.00018780000,82316.45973,s,l
2026-02-06 14:47:21,0.00018800000,14748.36470,b,l
2026-02-06 14:47:21,0.00018800000,14748.36470,b,l
2026-02-06 14:47:21,0.00018800000,200000.00000,b,l
2026-02-06 14:47:32,0.00018850000,78871.40000,b,l
2026-02-06 14:48:02,0.00018870000,200000.00000,b,l
2026-02-06 14:48:02,0.00018880000,200000.00000,b,l
2026-02-06 14:48:02,0.00018880000,124522.80000,b,l
2026-02-06 14:48:39,0.00018740000,84375.00000,s,l
2026-02-06 14:48:39,0.00018720000,130000.00000,s,l
2026-02-06 14:49:45,0.00018690000,90000.00000,s,l
2026-02-06 14:49:45,0.00018660000,86251.00000,s,l
2026-02-06 14:50:20,0.00018630000,308204.84699,b,l
2026-02-06 14:50:20,0.00018640000,91795.15301,b,l
2026-02-06 14:54:03,0.00018690000,535045.47886,s,l
2026-02-06 14:54:03,0.00018690000,3464954.52114,s,l
2026-02-06 14:54:03,0.00018620000,200000.00000,s,l
2026-02-06 14:54:03,0.00018620000,88758.00000,s,l
2026-02-06 14:56:07,0.00018590000,42435.89743,b,l
2026-02-06 15:03:12,0.00018620000,14748.36470,s,l
2026-02-06 15:03:12,0.00018620000,200000.00000,s,l
2026-02-06 15:03:12,0.00018620000,200000.00000,s,l
2026-02-06 15:05:12,0.00018640000,117662.38788,s,l
2026-02-06 15:05:12,0.00018640000,82337.61212,s,l
2026-02-06 15:14:36,0.00018610000,14748.36470,s,l
2026-02-06 15:14:36,0.00018610000,14748.36470,s,l
2026-02-06 15:14:36,0.00018610000,200000.00000,s,l
2026-02-06 15:14:36,0.00018610000,200000.00000,s,l
2026-02-06 15:14:36,0.00018610000,14748.36470,s,l
2026-02-06 15:14:36,0.00018610000,200000.00000,s,l
2026-02-06 15:14:36,0.00018610000,200000.00000,s,l
2026-02-06 15:14:36,0.00018610000,14748.36470,s,l
2026-02-06 15:14:36,0.00018610000,200000.00000,s,l
2026-02-06 15:14:36,0.00018610000,14748.36470,s,l
2026-02-06 15:14:36,0.00018610000,14748.36470,s,l
2026-02-06 15:14:36,0.00018610000,200000.00000,s,l
2026-02-06 15:14:36,0.00018610000,155679.61298,s,l
2026-02-06 15:14:39,0.00018560000,14748.36470,s,l
2026-02-06 15:14:39,0.00018560000,70503.27060,s,l
2026-02-06 15:14:39,0.00018560000,100000.00000,s,l
2026-02-06 15:14:39,0.00018560000,200000.00000,s,l
2026-02-06 15:14:39,0.00018560000,114748.36470,s,l
2026-02-06 15:14:39,0.00018550000,100000.00000,s,l
2026-02-06 15:14:39,0.00018550000,14748.36470,s,l
2026-02-06 15:14:39,0.00018550000,200000.00000,s,l
2026-02-06 15:14:39,0.00018550000,185251.63530,s,l
2026-02-06 15:14:39,0.00018540000,200000.00000,s,l
2026-02-06 15:14:39,0.00018540000,200000.00000,s,l
2026-02-06 15:14:39,0.00018540000,14748.36470,s,l
2026-02-06 15:14:39,0.00018540000,85251.63530,s,l
2026-02-06 15:14:39,0.00018510000,200000.00000,s,l
2026-02-06 15:14:39,0.00018510000,200000.00000,s,l
2026-02-06 15:14:39,0.00018510000,85251.63530,s,l
2026-02-06 15:14:39,0.00018510000,200000.00000,s,l
2026-02-06 15:14:39,0.00018510000,19634.48500,s,l
2026-02-06 15:14:39,0.00018510000,17053.76870,s,l
2026-02-06 15:14:39,0.00018510000,114748.36470,s,l
2026-02-06 15:14:39,0.00018510000,200000.00000,s,l
2026-02-06 15:14:39,0.00018510000,100000.00000,s,l
2026-02-06 15:14:39,0.00018510000,200000.00000,s,l
2026-02-06 15:14:39,0.00018510000,200000.00000,s,l
2026-02-06 15:14:39,0.00018510000,200000.00000,s,l
2026-02-06 15:14:39,0.00018510000,98619.84230,s,l
2026-02-06 15:14:39,0.00018510000,200000.00000,s,l
2026-02-06 15:14:39,0.00018510000,200000.00000,s,l
2026-02-06 15:14:39,0.00018510000,85251.63530,s,l
2026-02-06 15:14:39,0.00018510000,10509.22586,s,l
2026-02-06 15:14:39,0.00018540000,200000.00000,b,l
2026-02-06 15:14:39,0.00018550000,335045.47900,b,l
2026-02-06 15:14:40,0.00018490000,200000.00000,s,l
2026-02-06 15:14:40,0.00018490000,500000.00000,s,l
2026-02-06 15:14:43,0.00018490000,200000.00000,s,l
2026-02-06 15:14:43,0.00018500000,200000.00000,s,l
2026-02-06 15:14:43,0.00018490000,200000.00000,s,l
2026-02-06 15:14:43,0.00018490000,500000.00000,s,l
2026-02-06 15:14:43,0.00018500000,500000.00000,s,l
2026-02-06 15:14:43,0.00018490000,200000.00000,s,l
2026-02-06 15:14:43,0.00018490000,500000.00000,s,l
2026-02-06 15:14:43,0.00018490000,200000.00000,s,l
2026-02-06 15:14:43,0.00018500000,200000.00000,s,l
2026-02-06 15:14:44,0.00018500000,200000.00000,s,l
2026-02-06 15:15:19,0.00018490000,200000.00000,s,l
2026-02-06 15:15:19,0.00018490000,500000.00000,s,l
2026-02-06 15:15:25,0.00018620000,51879.10000,b,l
2026-02-06 15:16:03,0.00018500000,200000.00000,s,l
2026-02-06 15:16:05,0.00018490000,500000.00000,s,l
2026-02-06 15:16:05,0.00018490000,200000.00000,s,l
2026-02-06 15:16:05,0.00018480000,200000.00000,s,l
2026-02-06 15:16:05,0.00018480000,500000.00000,s,l
2026-02-06 15:16:05,0.00018470000,500000.00000,s,l
2026-02-06 15:16:05,0.00018470000,341039.52354,s,l
2026-02-06 15:16:05,0.00018470000,200000.00000,s,l
2026-02-06 15:16:05,0.00018420000,200000.00000,s,l
2026-02-06 15:16:05,0.00018410000,745460.47646,s,l
2026-02-06 15:16:17,0.00018470000,200000.00000,b,l
2026-02-06 15:16:25,0.00018490000,200000.00000,b,l
2026-02-06 15:16:27,0.00018500000,541039.52399,b,l
2026-02-06 15:19:23,0.00018520000,114732.10000,s,l
2026-02-06 15:22:30,0.00018710000,200000.00000,b,l
2026-02-06 15:22:30,0.00018730000,200000.00000,b,l
2026-02-06 15:22:30,0.00018730000,2688462.86732,b,l
2026-02-06 15:22:30,0.00018740000,200000.00000,b,l
2026-02-06 15:22:30,0.00018740000,500000.00000,b,l
2026-02-06 15:22:30,0.00018750000,200000.00000,b,l
2026-02-06 15:22:30,0.00018750000,500000.00000,b,l
2026-02-06 15:22:30,0.00018760000,200000.00000,b,l
2026-02-06 15:22:30,0.00018760000,500000.00000,b,l
2026-02-06 15:22:30,0.00018850000,200000.00000,b,l
2026-02-06 15:22:30,0.00018890000,5000000.00000,b,l
2026-02-06 15:22:30,0.00018890000,200000.00000,b,l
2026-02-06 15:22:30,0.00019040000,305754.53889,b,l
2026-02-06 15:22:30,0.00019050000,200000.00000,b,l
2026-02-06 15:22:30,0.00019120000,764386.34722,b,l
2026-02-06 15:22:30,0.00019130000,200000.00000,b,l
2026-02-06 15:22:30,0.00019160000,10816449.82388,b,l
2026-02-06 15:22:30,0.00019160000,200000.00000,b,l
2026-02-06 15:22:30,0.00019200000,2750498.60868,b,l
2026-02-06 15:22:30,0.00019210000,200000.00000,b,l
2026-02-06 15:22:30,0.00019220000,39729.68575,b,l
2026-02-06 15:22:30,0.00019220000,200000.00000,b,l
2026-02-06 15:22:30,0.00019230000,111284.45138,b,l
2026-02-06 15:22:30,0.00019240000,200000.00000,b,l
2026-02-06 15:22:30,0.00019240000,1019181.79630,b,l
2026-02-06 15:22:30,0.00019250000,200000.00000,b,l
2026-02-06 15:22:30,0.00019250000,6525191.48058,b,l
2026-02-06 15:22:32,0.00018790000,200000.00000,s,l
2026-02-06 15:22:32,0.00018800000,493279.71772,s,l
2026-02-06 15:22:32,0.00018770000,200000.00000,s,l
2026-02-06 15:23:18,0.00018720000,111542.63130,s,l
2026-02-06 15:23:54,0.00018610000,200000.00000,s,l
2026-02-06 15:23:54,0.00018600000,200000.00000,s,l
2026-02-06 15:23:54,0.00018600000,279658.90000,s,l
2026-02-06 15:27:23,0.00018730000,188835.70000,b,l
2026-02-06 15:32:41,0.00018740000,200000.00000,b,l
2026-02-06 15:33:16,0.00018720000,5927.10500,s,l
2026-02-06 15:33:51,0.00018840000,200000.00000,b,l
2026-02-06 15:33:51,0.00018840000,79467.00000,b,l
2026-02-06 15:38:03,0.00018830000,92359.60000,b,l
2026-02-06 15:40:22,0.00018730000,9542.50000,s,l
2026-02-06 15:43:18,0.00018840000,200000.00000,b,l
2026-02-06 15:43:18,0.00018850000,200000.00000,b,l
2026-02-06 15:43:18,0.00018850000,590017.90000,b,l
2026-02-06 15:44:12,0.00018880000,200000.00000,b,l
2026-02-06 15:44:12,0.00018890000,92664.81564,b,l
2026-02-06 15:45:20,0.00018860000,200000.00000,b,l
2026-02-06 15:45:20,0.00018870000,200000.00000,b,l
2026-02-06 15:45:20,0.00018870000,120456.14117,b,l
2026-02-06 15:45:21,0.00018870000,421225.46383,b,l
2026-02-06 15:45:21,0.00018870000,99232.43900,b,l
2026-02-06 15:45:21,0.00018870000,33639.23144,b,l
2026-02-06 15:50:23,0.00018840000,14748.36470,s,l
2026-02-06 15:50:23,0.00018840000,14748.36470,s,l
2026-02-06 15:50:23,0.00018840000,200000.00000,s,l
2026-02-06 15:50:23,0.00018840000,200000.00000,s,l
2026-02-06 15:50:23,0.00018840000,200000.00000,s,l
2026-02-06 15:50:23,0.00018840000,200000.00000,s,l
2026-02-06 15:50:23,0.00018840000,14748.36470,s,l
2026-02-06 15:50:23,0.00018840000,14748.36470,s,l
2026-02-06 15:50:23,0.00018840000,200000.00000,s,l
2026-02-06 15:50:23,0.00018840000,200000.00000,s,l
2026-02-06 15:50:23,0.00018840000,200000.00000,s,l
2026-02-06 15:50:23,0.00018840000,14748.36470,s,l
2026-02-06 15:50:23,0.00018840000,183317.62448,s,l
2026-02-06 16:01:06,0.00018960000,200000.00000,b,l
2026-02-06 16:01:06,0.00018970000,200000.00000,b,l
2026-02-06 16:01:06,0.00018970000,500000.00000,b,l
2026-02-06 16:01:06,0.00018970000,70930.30000,b,l
2026-02-06 16:03:23,0.00019020000,22968.65101,b,l
2026-02-06 16:03:46,0.00019000000,108401.08401,s,m
2026-02-06 16:04:08,0.00019120000,90000.00000,b,l
2026-02-06 16:04:24,0.00019160000,97805.00000,b,l
2026-02-06 16:04:24,0.00019160000,97805.00000,b,l
2026-02-06 16:04:24,0.00019190000,130000.00000,b,l
2026-02-06 16:04:24,0.00019190000,70000.00000,b,l
2026-02-06 16:05:08,0.00019230000,90000.00000,b,l
2026-02-06 16:06:35,0.00019260000,14748.36470,b,l
2026-02-06 16:06:35,0.00019260000,200000.00000,b,l
2026-02-06 16:06:35,0.00019260000,14748.36470,b,l
2026-02-06 16:06:35,0.00019260000,89714.07010,b,l
2026-02-06 16:06:35,0.00019260000,200000.00000,b,l
2026-02-06 16:06:35,0.00019290000,185261.00000,b,l
2026-02-06 16:06:35,0.00019290000,110000.00000,b,l
2026-02-06 16:06:35,0.00019290000,116273.00000,b,l
2026-02-06 16:06:35,0.00019290000,180000.00000,b,l
2026-02-06 16:08:11,0.00019370000,14748.36470,b,l
2026-02-06 16:08:11,0.00019370000,200000.00000,b,l
2026-02-06 16:08:11,0.00019370000,14748.36470,b,l
2026-02-06 16:08:11,0.00019370000,14748.36470,b,l
2026-02-06 16:08:11,0.00019370000,14748.36470,b,l
2026-02-06 16:08:11,0.00019370000,200000.00000,b,l
2026-02-06 16:08:11,0.00019370000,41006.54120,b,l
2026-02-06 16:08:11,0.00019370000,158993.45880,b,l
2026-02-06 16:08:11,0.00019370000,200000.00000,b,l
2026-02-06 16:09:49,0.00019410000,103252.45225,b,m
2026-02-06 16:10:35,0.00019520000,53488.72791,b,l
2026-02-06 16:10:35,0.00019620000,72906.57209,b,l
2026-02-06 16:11:09,0.00019650000,200000.00000,b,l
2026-02-06 16:11:09,0.00019650000,14748.36470,b,l
2026-02-06 16:11:14,0.00019650000,24882.74573,b,l
2026-02-06 16:11:33,0.00019830000,82182.00000,b,l
2026-02-06 16:11:34,0.00019840000,77985.00000,b,l
2026-02-06 16:11:34,0.00019840000,1043835.97815,b,l
2026-02-06 16:11:34,0.00019840000,390000.00000,b,l
2026-02-06 16:11:34,0.00019840000,77985.00000,b,l
2026-02-06 16:11:34,0.00019840000,653835.97815,b,l
2026-02-06 16:11:34,0.00019840000,77985.00000,b,l
2026-02-06 16:11:34,0.00019840000,250000.00000,b,l
2026-02-06 16:11:34,0.00019840000,793835.97815,b,l
2026-02-06 16:11:34,0.00019840000,99531.00000,b,l
2026-02-06 16:11:34,0.00019840000,78013.00000,b,l
2026-02-06 16:11:34,0.00019840000,78013.00000,b,l
2026-02-06 16:11:34,0.00019840000,866263.97815,b,l
2026-02-06 16:11:34,0.00019840000,239738.00000,b,l
2026-02-06 16:11:34,0.00019840000,882082.97815,b,l
2026-02-06 16:11:34,0.00019840000,239738.00000,b,l
2026-02-06 16:11:34,0.00019840000,882082.97815,b,l
2026-02-06 16:11:34,0.00019840000,239738.00000,b,l
2026-02-06 16:11:34,0.00019840000,168359.00000,b,l
2026-02-06 16:11:34,0.00019840000,713723.97815,b,l
2026-02-06 16:11:34,0.00019840000,181331.00000,b,l
2026-02-06 16:11:34,0.00019840000,95831.00000,b,l
2026-02-06 16:11:34,0.00019840000,190000.00000,b,l
2026-02-06 16:11:34,0.00019840000,230000.00000,b,l
2026-02-06 16:11:34,0.00019840000,210000.00000,b,l
2026-02-06 16:11:34,0.00019840000,180000.00000,b,l
2026-02-06 16:11:34,0.00019840000,34658.97815,b,l
2026-02-06 16:11:34,0.00019840000,61172.02185,b,l
2026-02-06 16:11:34,0.00019840000,90486.00000,b,l
2026-02-06 16:11:34,0.00019840000,190000.00000,b,l
2026-02-06 16:11:34,0.00019840000,780162.95630,b,l
2026-02-06 16:11:34,0.00019840000,241970.77697,b,l
2026-02-06 16:11:34,0.00019840000,879850.20118,b,l
2026-02-06 16:11:34,0.00019840000,332283.53209,b,l
2026-02-06 16:11:34,0.00019840000,789537.44606,b,l
2026-02-06 16:11:34,0.00019840000,241970.77697,b,l
2026-02-06 16:11:34,0.00019840000,96596.00000,b,l
2026-02-06 16:11:34,0.00019840000,783254.20118,b,l
2026-02-06 16:11:34,0.00019840000,338566.77697,b,l
2026-02-06 16:11:34,0.00019840000,14748.36470,b,l
2026-02-06 16:11:34,0.00019840000,165251.63520,b,l
2026-02-06 16:11:34,0.00019840000,200000.00000,b,l
2026-02-06 16:11:34,0.00019840000,139947.22600,b,l
2026-02-06 16:11:34,0.00019840000,123359.74920,b,l
2026-02-06 16:11:34,0.00019840000,139947.22600,b,l
2026-02-06 16:11:34,0.00019840000,0.00013,b,l
2026-02-06 16:11:34,0.00019850000,241970.77697,b,l
2026-02-06 16:11:41,0.00020050000,106747.00000,b,l
2026-02-06 16:11:41,0.00020050000,100000.00000,b,l
2026-02-06 16:11:43,0.00020050000,30469.69118,b,l
2026-02-06 16:11:43,0.00020080000,69530.30882,b,l
2026-02-06 16:11:43,0.00020080000,97710.00000,b,l
2026-02-06 16:11:43,0.00020090000,103285.21653,b,l
2026-02-06 16:11:43,0.00020090000,36714.78347,b,l
2026-02-06 16:11:43,0.00020090000,103711.00000,b,l
2026-02-06 16:11:43,0.00020100000,100000.00000,b,l
2026-02-06 16:11:44,0.00020100000,85725.00000,b,l
2026-02-06 16:11:44,0.00020100000,104162.00000,b,l
2026-02-06 16:11:44,0.00020100000,60113.00000,b,l
2026-02-06 16:11:44,0.00020110000,89887.00000,b,l
2026-02-06 16:11:44,0.00020130000,48307.57982,b,l
2026-02-06 16:11:50,0.00020050000,45915.56178,s,m
2026-02-06 16:11:50,0.00020050000,57336.89047,s,m
2026-02-06 16:12:00,0.00020120000,200000.00000,s,l
2026-02-06 16:12:00,0.00020120000,173165.04760,s,l
2026-02-06 16:12:00,0.00020120000,14748.36470,s,l
2026-02-06 16:12:00,0.00020110000,184932.86920,s,l
2026-02-06 16:12:02,0.00020110000,184932.86920,b,l
2026-02-06 16:12:05,0.00020060000,90000.00000,b,l
2026-02-06 16:12:10,0.00020080000,129086.00000,b,l
2026-02-06 16:12:16,0.00020100000,277661.43099,b,l
2026-02-06 16:12:17,0.00020110000,200000.00000,s,l
2026-02-06 16:12:19,0.00020130000,200000.00000,s,l
2026-02-06 16:12:22,0.00020170000,200000.00000,b,l
2026-02-06 16:12:22,0.00020180000,216412.08480,b,l
2026-02-06 16:12:22,0.00020180000,2305317.12993,b,l
2026-02-06 16:12:24,0.00020100000,279317.38339,s,l
2026-02-06 16:12:24,0.00020080000,200000.00000,s,l
2026-02-06 16:12:25,0.00020130000,200000.00000,b,l
2026-02-06 16:12:25,0.00020140000,16684.80640,b,l
2026-02-06 16:12:26,0.00020120000,336612.71630,b,l
2026-02-06 16:12:26,0.00020120000,108087.50684,b,l
2026-02-06 16:12:30,0.00020150000,84375.00000,b,l
2026-02-06 16:12:31,0.00020180000,50965.55750,b,l
2026-02-06 16:12:40,0.00020240000,200000.00000,b,l
2026-02-06 16:12:40,0.00020240000,200000.00000,b,l
2026-02-06 16:12:40,0.00020250000,234850.43990,b,l
2026-02-06 16:12:40,0.00020250000,200000.00000,b,l
2026-02-06 16:12:41,0.00020250000,200000.00000,s,l
2026-02-06 16:12:41,0.00020240000,200000.00000,s,l
2026-02-06 16:12:41,0.00020230000,200000.00000,s,l
2026-02-06 16:12:41,0.00020310000,200000.00000,b,l
2026-02-06 16:12:41,0.00020320000,354043.20729,b,l
2026-02-06 16:12:41,0.00020330000,200000.00000,b,l
2026-02-06 16:12:41,0.00020420000,200000.00000,b,l
2026-02-06 16:12:41,0.00020430000,43309.00000,b,l
2026-02-06 16:12:41,0.00020420000,200000.00000,b,l
2026-02-06 16:12:41,0.00020430000,141623.86900,b,l
2026-02-06 16:12:41,0.00020430000,108376.13100,b,l
2026-02-06 16:12:41,0.00020440000,136956.00000,b,l
2026-02-06 16:12:41,0.00020310000,200000.00000,s,l
2026-02-06 16:12:41,0.00020440000,63044.00000,b,l
2026-02-06 16:12:41,0.00020450000,232530.92938,b,l
2026-02-06 16:12:41,0.00020450000,200000.00000,b,l
2026-02-06 16:12:41,0.00020550000,14425.07062,b,l
2026-02-06 16:12:41,0.00020320000,451116.10673,s,l
2026-02-06 16:12:41,0.00020310000,200000.00000,s,l
2026-02-06 16:12:41,0.00020290000,200000.00000,s,l
2026-02-06 16:12:41,0.00020270000,930.10985,s,l
2026-02-06 16:12:41,0.00020270000,199069.89015,s,l
2026-02-06 16:12:41,0.00020250000,200000.00000,s,l
2026-02-06 16:12:41,0.00020420000,326545.39689,b,l
2026-02-06 16:12:41,0.00020430000,123454.60311,b,l
2026-02-06 16:12:41,0.00020410000,130000.00000,b,l
2026-02-06 16:12:42,0.00020250000,327213.28514,s,l
2026-02-06 16:12:42,0.00020250000,200000.00000,s,l
2026-02-06 16:12:42,0.00020240000,200000.00000,s,l
2026-02-06 16:12:43,0.00020220000,200000.00000,s,l
2026-02-06 16:12:44,0.00020280000,200000.00000,b,l
2026-02-06 16:12:44,0.00020210000,200000.00000,s,l
2026-02-06 16:12:44,0.00020200000,150000.00000,s,l
2026-02-06 16:12:44,0.00020210000,200000.00000,s,l
2026-02-06 16:12:44,0.00020290000,288995.34279,b,l
2026-02-06 16:12:44,0.00020210000,281830.80149,s,l
2026-02-06 16:12:44,0.00020210000,200000.00000,s,l
2026-02-06 16:12:44,0.00020290000,133590.94746,s,l
2026-02-06 16:12:45,0.00020200000,200000.00000,s,l
2026-02-06 16:12:45,0.00020200000,200000.00000,s,l
2026-02-06 16:12:45,0.00020200000,500000.00000,s,l
2026-02-06 16:12:47,0.00020360000,120191.12742,b,l
2026-02-06 16:12:48,0.00020120000,200000.00000,s,l
2026-02-06 16:12:49,0.00020290000,273061.49753,b,l
2026-02-06 16:12:49,0.00020340000,102955.00000,b,l
2026-02-06 16:12:49,0.00020340000,90000.00000,b,l
2026-02-06 16:12:49,0.00020360000,79808.87258,b,l
2026-02-06 16:12:49,0.00020560000,102955.00000,b,l
2026-02-06 16:12:49,0.00020560000,90000.00000,b,l
2026-02-06 16:12:49,0.00020560000,7045.00000,b,l
2026-02-06 16:12:49,0.00020570000,174285.00000,b,l
2026-02-06 16:12:49,0.00020570000,56147.66894,b,l
2026-02-06 16:12:49,0.00020570000,33852.33106,b,l
2026-02-06 16:12:49,0.00020580000,44537.00000,b,l
2026-02-06 16:12:49,0.00020580000,90000.00000,b,l
2026-02-06 16:12:49,0.00020590000,180000.00000,b,l
2026-02-06 16:12:50,0.00020590000,20000.00000,b,l
2026-02-06 16:12:50,0.00020660000,104272.00000,b,l
2026-02-06 16:12:51,0.00020660000,125984.78820,b,l
2026-02-06 16:12:51,0.00020660000,20105.21180,b,l
2026-02-06 16:12:51,0.00020680000,200000.00000,b,l
2026-02-06 16:12:51,0.00020700000,180425.00000,b,l
2026-02-06 16:12:51,0.00020700000,93883.00000,b,l
2026-02-06 16:12:51,0.00020700000,75692.00000,b,l
2026-02-06 16:12:51,0.00020700000,18191.00000,b,l
2026-02-06 16:12:51,0.00020700000,174310.00000,b,l
2026-02-06 16:12:51,0.00020700000,7499.00000,b,l
2026-02-06 16:12:51,0.00020760000,53488.72791,b,l
2026-02-06 16:12:51,0.00020860000,79012.27209,b,l
2026-02-06 16:12:51,0.00020860000,124248.00000,b,l
2026-02-06 16:12:51,0.00020860000,24656.05511,b,l
2026-02-06 16:12:51,0.00020860000,200000.00000,b,l
2026-02-06 16:12:51,0.00020450000,200000.00000,s,l
2026-02-06 16:12:51,0.00020440000,274025.20070,s,l
2026-02-06 16:12:51,0.00020440000,147485.51270,s,l
2026-02-06 16:12:52,0.00020780000,200000.00000,b,l
2026-02-06 16:12:52,0.00020790000,230421.00000,b,l
2026-02-06 16:12:52,0.00020780000,110000.00000,b,l
2026-02-06 16:12:52,0.00020780000,90000.00000,b,l
2026-02-06 16:12:52,0.00020790000,104523.99793,b,l
2026-02-06 16:12:52,0.00020820000,105476.00207,b,l
2026-02-06 16:12:54,0.00020580000,103710.17131,s,l
2026-02-06 16:12:54,0.00020580000,96289.82869,s,l
2026-02-06 16:12:54,0.00020570000,333134.15520,s,l
2026-02-06 16:12:54,0.00020570000,200000.00000,s,l
2026-02-06 16:12:54,0.00020570000,332262.77372,s,l
2026-02-06 16:12:54,0.00020570000,107892.79263,s,l
2026-02-06 16:12:54,0.00020560000,92107.20737,b,l
2026-02-06 16:12:54,0.00020510000,200000.00000,s,l
2026-02-06 16:12:54,0.00020580000,73343.00000,b,l
2026-02-06 16:12:54,0.00020580000,73343.00000,b,l
2026-02-06 16:12:54,0.00020510000,21490.03533,s,l
2026-02-06 16:12:58,0.00020540000,345700.57105,s,l
2026-02-06 16:12:58,0.00020540000,200000.00000,s,l
2026-02-06 16:12:58,0.00020540000,14748.36470,s,l
2026-02-06 16:12:58,0.00020540000,200000.00000,s,l
2026-02-06 16:12:58,0.00020540000,14748.36470,s,l
2026-02-06 16:12:58,0.00020540000,200000.00000,s,l
2026-02-06 16:12:58,0.00020540000,14748.36470,s,l
2026-02-06 16:12:58,0.00020540000,1034105.33485,s,l
2026-02-06 16:13:01,0.00020420000,128604.28500,s,l
2026-02-06 16:13:07,0.00020670000,200000.00000,b,l
2026-02-06 16:13:07,0.00020680000,462509.21364,b,l
2026-02-06 16:13:07,0.00020680000,200000.00000,b,l
2026-02-06 16:13:08,0.00020770000,80072.00000,b,l
2026-02-06 16:13:08,0.00020750000,200000.00000,b,l
2026-02-06 16:13:08,0.00020750000,200000.00000,b,l
2026-02-06 16:13:08,0.00020760000,231830.62631,b,l
2026-02-06 16:13:11,0.00020510000,51441.71400,s,l
2026-02-06 16:13:11,0.00020940000,200000.00000,b,l
2026-02-06 16:13:11,0.00020940000,200000.00000,b,l
2026-02-06 16:13:11,0.00020950000,440155.56700,b,l
2026-02-06 16:13:11,0.00020950000,200000.00000,b,l
2026-02-06 16:13:12,0.00020980000,200000.00000,b,l
