timestamp,price,volume,side,type
2026-02-05 22:39:57,0.21100000,1189.83202,b,l
2026-02-05 22:41:09,0.21050000,473.65000,b,l
2026-02-05 22:41:52,0.21110000,80.06078,s,l
2026-02-05 22:43:08,0.21110000,883.41553,s,l
2026-02-05 22:43:08,0.21110000,44.30447,s,l
2026-02-05 22:44:12,0.21160000,303.31409,b,l
2026-02-05 22:45:18,0.21170000,6510.72704,b,l
2026-02-05 22:45:18,0.21170000,3264.86544,b,l
2026-02-05 22:45:18,0.21170000,308.18718,b,l
2026-02-05 22:45:18,0.21170000,1604.72123,b,l
2026-02-05 22:45:18,0.21170000,1142.65186,b,l
2026-02-05 22:45:18,0.21170000,4483.65212,b,l
2026-02-05 22:45:18,0.21170000,1866.13165,b,l
2026-02-05 22:45:18,0.21170000,9775.46765,b,l
2026-02-05 22:45:20,0.21200000,927.72000,b,l
2026-02-05 22:45:23,0.21200000,927.72000,s,l
2026-02-05 22:50:22,0.21120000,927.72000,s,l
2026-02-05 22:50:36,0.21130000,3.23100,b,l
2026-02-05 22:51:00,0.21120000,927.72000,s,l
2026-02-05 22:51:55,0.21130000,1360.56786,b,l
2026-02-05 22:51:55,0.21130000,1360.56786,b,l
2026-02-05 22:52:45,0.21160000,4002.74870,s,l
2026-02-05 22:52:45,0.21160000,228.60841,s,l
2026-02-05 22:53:05,0.21130000,342.77356,s,l
2026-02-05 22:53:47,0.21150000,780.90413,s,l
2026-02-05 22:54:49,0.21090000,284.96429,s,l
2026-02-05 22:54:49,0.21090000,4670.39672,s,l
2026-02-05 22:55:22,0.21020000,780.90413,s,l
2026-02-05 22:55:22,0.21010000,475.41866,s,l
2026-02-05 22:55:22,0.21010000,354.94307,s,l
2026-02-05 22:55:22,0.21010000,3780.00571,s,l
2026-02-05 22:55:22,0.21010000,4667.97968,s,l
2026-02-05 22:55:22,0.21000000,830.36173,s,l
2026-02-05 22:55:27,0.21020000,474.77700,b,l
2026-02-05 22:56:54,0.21000000,3805.00000,s,l
2026-02-05 22:56:59,0.21010000,963.62578,b,l
2026-02-05 22:58:47,0.20960000,19.08396,s,l
2026-02-05 23:00:56,0.21000000,1438.40278,s,l
2026-02-05 23:01:31,0.20880000,1444.44391,s,l
2026-02-05 23:01:31,0.20880000,5317.73011,s,l
2026-02-05 23:01:31,0.20880000,5316.90291,s,l
2026-02-05 23:01:31,0.20880000,190.61936,s,l
2026-02-05 23:01:31,0.20880000,1392.00000,s,l
2026-02-05 23:01:31,0.20880000,145.84744,b,l
2026-02-05 23:01:38,0.20910000,86.45718,s,l
2026-02-05 23:01:38,0.20910000,86.45718,s,l
2026-02-05 23:02:10,0.20970000,963.62578,b,l
2026-02-05 23:02:13,0.20980000,79.42263,s,l
2026-02-05 23:02:13,0.20980000,79.42263,s,l
2026-02-05 23:02:13,0.20980000,79.42263,s,l
2026-02-05 23:02:13,0.20980000,79.42263,s,l
2026-02-05 23:02:13,0.20980000,79.42263,s,l
2026-02-05 23:02:13,0.20980000,79.42263,s,l
2026-02-05 23:02:13,0.20980000,79.42263,s,l
2026-02-05 23:02:13,0.20980000,79.42263,s,l
2026-02-05 23:02:13,0.20980000,79.42263,s,l
2026-02-05 23:03:13,0.21020000,233.20500,b,l
2026-02-05 23:03:48,0.21120000,19.08396,b,l
2026-02-05 23:04:40,0.21170000,945.62523,b,l
2026-02-05 23:05:07,0.21270000,465.12241,b,l
2026-02-05 23:07:01,0.21300000,11744.14671,s,l
2026-02-05 23:07:54,0.21180000,163.56789,b,l
2026-02-05 23:07:54,0.21180000,1683.00000,b,l
2026-02-05 23:07:54,0.21180000,3800.11170,b,l
2026-02-05 23:07:54,0.21180000,8007.60204,b,l
2026-02-05 23:07:54,0.21180000,2727.17081,b,l
2026-02-05 23:07:54,0.21180000,1994.26450,b,l
2026-02-05 23:07:54,0.21180000,1089.58265,b,l
2026-02-05 23:08:40,0.21120000,927.72000,s,l
2026-02-05 23:09:30,0.21130000,8071.02502,b,l
2026-02-05 23:15:09,0.21120000,780.90413,s,l
2026-02-05 23:15:09,0.21120000,2069.09587,s,l
2026-02-05 23:16:13,0.21110000,927.72000,s,l
2026-02-05 23:17:43,0.21140000,299.62503,b,l
2026-02-05 23:17:43,0.21140000,628.09497,b,l
2026-02-05 23:20:09,0.21100000,927.72000,s,l
2026-02-05 23:20:47,0.21060000,480.93750,b,m
2026-02-05 23:20:47,0.21060000,160.98173,b,m
2026-02-05 23:21:43,0.21020000,64.31403,b,m
2026-02-05 23:22:57,0.20960000,19.08396,s,l
2026-02-05 23:23:06,0.20980000,163.56789,b,l
2026-02-05 23:23:06,0.20980000,220.69827,b,l
2026-02-05 23:23:06,0.20980000,1356.00000,b,l
2026-02-05 23:23:21,0.20970000,135.01722,b,l
2026-02-05 23:23:21,0.20970000,4745.71497,b,l
2026-02-05 23:23:21,0.20980000,163.56789,b,l
2026-02-05 23:23:21,0.20980000,407.93013,b,l
2026-02-05 23:23:21,0.20980000,261.80560,b,l
2026-02-05 23:23:21,0.20980000,5665.06090,b,l
2026-02-05 23:24:04,0.20960000,51.85200,s,l
2026-02-05 23:24:47,0.20960000,1016.57266,b,l
2026-02-05 23:24:47,0.20970000,1016.57266,b,l
2026-02-05 23:25:00,0.20940000,650.60650,b,l
2026-02-05 23:25:01,0.20960000,533.49730,b,l
2026-02-05 23:27:14,0.21050000,262.42820,b,l
2026-02-05 23:27:28,0.21080000,927.72000,s,l
2026-02-05 23:28:31,0.21100000,963.62578,b,l
2026-02-05 23:28:41,0.21120000,19.08396,b,l
2026-02-05 23:28:41,0.21120000,135.33740,b,l
2026-02-05 23:30:06,0.21130000,927.72000,s,l
2026-02-05 23:32:11,0.21230000,4030.54836,s,l
2026-02-05 23:32:11,0.21230000,993.87380,s,l
2026-02-05 23:33:51,0.21110000,27.89534,s,l
2026-02-05 23:34:02,0.21100000,330.26900,b,l
2026-02-05 23:34:33,0.21070000,163.56789,b,l
2026-02-05 23:34:33,0.21070000,480.93750,b,l
2026-02-05 23:34:33,0.21070000,1330.84909,b,l
2026-02-05 23:34:33,0.21070000,1330.84909,b,l
2026-02-05 23:34:44,0.21060000,3953.30622,s,l
2026-02-05 23:35:12,0.21000000,780.90413,s,l
2026-02-05 23:35:12,0.21000000,665.62787,s,l
2026-02-05 23:35:12,0.21000000,2850.00000,s,l
2026-02-05 23:35:12,0.21000000,1580.99985,s,l
2026-02-05 23:35:12,0.20990000,3858.44385,s,l
2026-02-05 23:35:12,0.20990000,1066.38460,s,l
2026-02-05 23:35:12,0.20990000,172.34243,s,l
2026-02-05 23:35:14,0.20960000,19.08396,s,l
2026-02-05 23:35:19,0.20970000,163.56789,b,l
2026-02-05 23:35:19,0.20970000,272.65238,b,l
2026-02-05 23:36:13,0.20930000,4924.22237,s,l
2026-02-05 23:38:16,0.20990000,11106.00462,b,l
2026-02-05 23:38:16,0.20990000,14814.99538,b,l
2026-02-05 23:40:58,0.20870000,951.33910,b,l
2026-02-05 23:41:05,0.20880000,927.72000,s,l
2026-02-05 23:41:33,0.20870000,927.72000,s,l
2026-02-05 23:41:48,0.20870000,1109.82583,b,l
2026-02-05 23:41:48,0.20870000,4177.94366,b,l
2026-02-05 23:41:48,0.20870000,5212.39668,b,l
2026-02-05 23:41:49,0.20840000,131.01910,s,l
2026-02-05 23:41:49,0.20840000,5437.96181,s,l
2026-02-05 23:41:52,0.20800000,19.23076,s,m
2026-02-05 23:41:52,0.20770000,75.28720,s,m
2026-02-05 23:43:53,0.20840000,96.29273,b,m
2026-02-05 23:43:54,0.20830000,927.72000,s,l
2026-02-05 23:44:04,0.20830000,261.87137,s,m
2026-02-05 23:48:41,0.20800000,927.72000,s,l
2026-02-05 23:49:13,0.20910000,254.98262,b,l
2026-02-05 23:49:13,0.20910000,4691.43779,b,l
2026-02-05 23:49:18,0.20900000,3864.45518,s,l
2026-02-05 23:50:44,0.20890000,480.93750,b,m
2026-02-05 23:50:44,0.20890000,236.76584,b,m
2026-02-05 23:51:34,0.20900000,1037.68130,s,l
2026-02-05 23:52:41,0.20780000,927.72000,s,l
2026-02-05 23:52:41,0.20780000,4240.86810,s,l
2026-02-05 23:52:41,0.20770000,4242.43076,s,l
2026-02-05 23:52:41,0.20770000,5218.14283,s,l
2026-02-05 23:52:41,0.20770000,780.90413,s,l
2026-02-05 23:52:47,0.20720000,57.25832,s,l
2026-02-05 23:52:49,0.20690000,2792.74170,s,l
2026-02-05 23:53:15,0.20730000,2850.00000,s,l
2026-02-05 23:53:15,0.20710000,4255.00000,s,l
2026-02-05 23:53:15,0.20710000,672.28844,s,l
2026-02-05 23:53:15,0.20710000,289.71156,s,l
2026-02-05 23:53:15,0.20710000,898.00000,s,l
2026-02-05 23:53:20,0.20690000,927.72000,s,l
2026-02-05 23:54:17,0.20660000,1140.41110,b,l
2026-02-05 23:55:36,0.20690000,652.00000,s,m
2026-02-05 23:55:50,0.20700000,927.72000,s,l
2026-02-05 23:56:16,0.20690000,927.72000,s,l
2026-02-05 23:56:17,0.20680000,927.72000,s,l
2026-02-05 23:56:17,0.20680000,927.72000,s,l
2026-02-05 23:57:10,0.20760000,927.72000,s,l
2026-02-05 23:58:12,0.20700000,927.72000,s,l
2026-02-05 23:58:20,0.20690000,21189.00000,s,l
2026-02-05 23:58:20,0.20690000,5400.30298,s,l
2026-02-05 23:58:20,0.20690000,5750.91806,s,l
2026-02-05 23:58:20,0.20680000,927.72000,s,l
2026-02-05 23:58:20,0.20680000,5439.84804,s,l
2026-02-05 23:59:29,0.20690000,590.90852,b,l
2026-02-06 00:00:45,0.20860000,227.02242,b,l
2026-02-06 00:00:51,0.20870000,218.74594,b,l
2026-02-06 00:00:51,0.20880000,480.93750,b,l
2026-02-06 00:00:51,0.20880000,228.03656,b,l
2026-02-06 00:00:54,0.20890000,212.69110,s,l
2026-02-06 00:00:54,0.20890000,715.02890,s,l
2026-02-06 00:01:30,0.20860000,881.85574,s,l
2026-02-06 00:01:32,0.20860000,4188.02429,s,l
2026-02-06 00:01:34,0.20850000,728.64579,s,l
2026-02-06 00:01:40,0.20790000,45.86426,s,l
2026-02-06 00:01:52,0.20760000,14.72500,b,l
2026-02-06 00:02:24,0.20730000,14.72480,b,l
2026-02-06 00:02:40,0.20660000,14.72500,b,l
2026-02-06 00:02:50,0.20660000,3892.51640,s,l
2026-02-06 00:02:57,0.20660000,14.72500,b,l
2026-02-06 00:03:12,0.20580000,780.90413,s,l
2026-02-06 00:03:12,0.20570000,218.53568,s,l
2026-02-06 00:03:12,0.20570000,4717.52495,s,l
2026-02-06 00:03:12,0.20570000,1069.83934,s,l
2026-02-06 00:03:12,0.20570000,0.00011,s,l
2026-02-06 00:03:12,0.20560000,2850.00000,s,l
2026-02-06 00:03:12,0.20560000,7412.49751,s,l
2026-02-06 00:03:12,0.20560000,4719.61784,s,l
2026-02-06 00:03:12,0.20560000,8071.02500,s,l
2026-02-06 00:03:12,0.20550000,2850.00000,s,l
2026-02-06 00:03:12,0.20550000,2850.00000,s,l
2026-02-06 00:03:12,0.20550000,163.56789,s,l
2026-02-06 00:03:17,0.20500000,657.66094,s,l
2026-02-06 00:03:17,0.20500000,1781.36345,s,l
2026-02-06 00:03:17,0.20440000,480.93750,s,l
2026-02-06 00:03:17,0.20450000,1577.29362,b,l
2026-02-06 00:03:17,0.20430000,8071.02500,b,l
2026-02-06 00:03:17,0.20420000,480.93750,s,l
2026-02-06 00:03:17,0.20420000,236.98195,s,l
2026-02-06 00:03:17,0.20420000,61.81763,s,l
2026-02-06 00:03:17,0.20420000,60.56280,s,l
2026-02-06 00:03:17,0.20410000,64.20723,b,l
2026-02-06 00:03:17,0.20410000,416.73027,b,l
2026-02-06 00:03:17,0.20360000,480.93750,s,l
2026-02-06 00:03:18,0.20420000,2534.59290,b,l
2026-02-06 00:03:18,0.20430000,280.56940,b,l
2026-02-06 00:03:18,0.20390000,480.93750,s,m
2026-02-06 00:03:18,0.20380000,2523.70272,s,m
2026-02-06 00:03:19,0.20410000,1003.03541,s,l
2026-02-06 00:03:19,0.20410000,6124.47175,s,l
2026-02-06 00:03:26,0.20440000,83.00000,b,l
2026-02-06 00:03:26,0.20460000,26.70000,b,l
2026-02-06 00:03:32,0.20520000,170.00000,b,l
2026-02-06 00:03:41,0.20610000,14.72500,b,l
2026-02-06 00:03:44,0.20600000,480.93750,s,m
2026-02-06 00:03:44,0.20590000,236.76584,s,m
2026-02-06 00:03:46,0.20630000,1382.07100,b,l
2026-02-06 00:03:53,0.20640000,1133.29820,b,l
2026-02-06 00:04:01,0.20640000,5556.03438,s,l
2026-02-06 00:04:01,0.20640000,5556.03438,s,l
2026-02-06 00:04:01,0.20630000,1014.31311,s,l
2026-02-06 00:04:01,0.20600000,80.00000,s,l
2026-02-06 00:04:01,0.20600000,136.00000,s,l
2026-02-06 00:04:01,0.20600000,111.00000,s,l
2026-02-06 00:04:01,0.20600000,80.00000,s,l
2026-02-06 00:04:01,0.20600000,262.00000,s,l
2026-02-06 00:04:01,0.20600000,242.00000,s,l
2026-02-06 00:04:01,0.20600000,16.72000,s,l
2026-02-06 00:04:17,0.20590000,14.72500,b,l
2026-02-06 00:04:32,0.20570000,4000.00000,s,l
2026-02-06 00:05:02,0.20500000,927.72000,s,l
2026-02-06 00:05:03,0.20500000,14.72500,b,l
2026-02-06 00:05:09,0.20530000,54.06140,b,l
2026-02-06 00:05:09,0.20530000,1209.22238,b,l
2026-02-06 00:05:19,0.20520000,927.72000,s,l
2026-02-06 00:05:19,0.20510000,927.72000,s,l
2026-02-06 00:05:44,0.20300000,5273.19690,s,l
2026-02-06 00:05:44,0.20300000,754.38170,s,l
2026-02-06 00:05:44,0.20300000,1106.02320,s,l
2026-02-06 00:05:44,0.20300000,1137.13760,s,l
2026-02-06 00:05:44,0.20300000,3841.06420,s,l
2026-02-06 00:05:44,0.20300000,1004.99080,s,l
2026-02-06 00:05:44,0.20300000,1174.34340,s,l
2026-02-06 00:05:44,0.20300000,2849.29380,s,l
2026-02-06 00:05:44,0.20300000,5995.62550,s,l
2026-02-06 00:05:44,0.20300000,101.73100,s,l
2026-02-06 00:05:50,0.20310000,296.72369,s,l
2026-02-06 00:05:50,0.20330000,342.77356,b,l
2026-02-06 00:05:50,0.20300000,163.56789,s,l
2026-02-06 00:05:51,0.20320000,2850.00000,s,l
2026-02-06 00:05:52,0.20290000,927.72000,s,l
2026-02-06 00:05:52,0.20270000,2262.54880,s,l
2026-02-06 00:06:03,0.20260000,96.29273,s,m
2026-02-06 00:06:08,0.20310000,14.72500,b,l
2026-02-06 00:06:26,0.20260000,14.72500,b,l
2026-02-06 00:06:41,0.20220000,927.72000,s,l
2026-02-06 00:06:50,0.20240000,1249.06890,b,l
2026-02-06 00:06:51,0.20270000,1600.93110,b,l
2026-02-06 00:06:51,0.20270000,2399.06890,b,l
2026-02-06 00:06:55,0.20330000,319.78550,b,l
2026-02-06 00:06:57,0.20360000,1024.23653,b,l
2026-02-06 00:06:57,0.20360000,253.67197,b,l
2026-02-06 00:07:01,0.20450000,222.26040,b,l
2026-02-06 00:07:32,0.20390000,14.72500,b,l
2026-02-06 00:07:36,0.20400000,760.00000,s,l
2026-02-06 00:08:12,0.20420000,14.72500,b,l
2026-02-06 00:08:14,0.20380000,2850.00000,s,l
2026-02-06 00:08:14,0.20380000,319.78550,s,l
2026-02-06 00:08:14,0.20380000,915.75336,s,l
2026-02-06 00:08:26,0.20370000,875.40833,s,l
2026-02-06 00:08:26,0.20360000,614.20714,s,l
2026-02-06 00:08:30,0.20350000,14.72500,b,l
2026-02-06 00:08:33,0.20370000,842.83610,s,l
2026-02-06 00:08:45,0.20330000,555.64163,s,l
2026-02-06 00:08:47,0.20340000,342.77356,b,l
2026-02-06 00:09:00,0.20320000,522.79549,s,l
2026-02-06 00:09:00,0.20310000,519.03834,s,l
2026-02-06 00:09:02,0.20290000,14.72500,b,l
2026-02-06 00:09:03,0.20280000,680.96690,s,l
2026-02-06 00:09:04,0.20250000,608.43580,s,l
2026-02-06 00:09:26,0.20120000,457.77993,s,l
2026-02-06 00:09:26,0.20100000,333.44038,s,l
2026-02-06 00:09:30,0.20180000,163.56789,b,l
2026-02-06 00:09:30,0.20190000,46.43211,b,l
2026-02-06 00:09:30,0.20190000,170.00000,b,l
2026-02-06 00:09:41,0.20280000,840.03518,s,l
2026-02-06 00:09:41,0.20280000,87.68482,s,l
2026-02-06 00:10:14,0.20320000,14.72500,b,l
2026-02-06 00:10:16,0.20290000,927.72000,s,l
2026-02-06 00:10:16,0.20290000,927.72000,s,l
2026-02-06 00:10:57,0.20180000,480.93750,b,l
2026-02-06 00:10:57,0.20190000,163.56789,b,l
2026-02-06 00:10:57,0.20190000,480.93750,b,l
2026-02-06 00:10:57,0.20190000,32.01808,b,l
2026-02-06 00:11:00,0.20180000,210.81602,b,l
2026-02-06 00:11:03,0.20140000,14.72500,b,l
2026-02-06 00:11:08,0.20050000,195.71251,s,l
2026-02-06 00:11:08,0.20050000,163.56789,s,l
2026-02-06 00:11:08,0.20050000,458.26560,s,l
2026-02-06 00:11:22,0.20050000,873.32940,s,l
2026-02-06 00:11:22,0.20050000,1934.24670,s,l
2026-02-06 00:11:22,0.20050000,2850.00000,s,l
2026-02-06 00:11:25,0.20000000,25.00000,s,l
2026-02-06 00:11:25,0.20000000,250.00000,s,l
2026-02-06 00:11:25,0.20000000,261.26030,s,l
2026-02-06 00:11:25,0.20000000,2313.73970,s,l
2026-02-06 00:11:25,0.20000000,1428.20256,s,l
2026-02-06 00:11:25,0.20000000,30.00000,s,l
2026-02-06 00:11:25,0.20000000,4000.00000,s,l
2026-02-06 00:11:25,0.20000000,2850.00000,s,l
2026-02-06 00:11:25,0.20000000,2850.00000,s,l
2026-02-06 00:11:29,0.20070000,5338.90580,b,l
2026-02-06 00:11:29,0.20100000,220.00000,b,l
2026-02-06 00:11:30,0.20120000,96.00000,b,l
2026-02-06 00:11:30,0.20070000,120.00000,s,l
2026-02-06 00:11:34,0.20150000,120.00000,b,l
2026-02-06 00:11:38,0.20140000,14.72500,b,l
2026-02-06 00:11:50,0.20070000,100.00000,b,l
2026-02-06 00:12:03,0.19940000,100.00000,b,l
2026-02-06 00:12:06,0.19980000,245.05710,b,l
2026-02-06 00:12:06,0.19990000,2604.94290,b,l
2026-02-06 00:12:06,0.19960000,58.76000,s,l
2026-02-06 00:12:07,0.20050000,110.00000,b,l
2026-02-06 00:12:07,0.20050000,1845.16230,b,l
2026-02-06 00:12:07,0.20050000,2524.89433,b,l
2026-02-06 00:12:07,0.20050000,325.10567,b,l
2026-02-06 00:12:17,0.20080000,1004.83770,b,l
2026-02-06 00:12:17,0.20080000,2850.00000,b,l
2026-02-06 00:12:18,0.20100000,219.49560,b,l
2026-02-06 00:12:24,0.20040000,55.48608,s,l
2026-02-06 00:12:24,0.20030000,18.51392,s,l
2026-02-06 00:12:24,0.20030000,821.89213,s,l
2026-02-06 00:12:27,0.20020000,61.16937,s,l
2026-02-06 00:12:32,0.20010000,53.42226,s,l
2026-02-06 00:12:32,0.20020000,65.46121,s,l
2026-02-06 00:12:32,0.20020000,45.80271,s,l
2026-02-06 00:12:33,0.20020000,58.87026,s,l
2026-02-06 00:12:33,0.20030000,61.27633,s,l
2026-02-06 00:12:33,0.20010000,45.80501,s,l
2026-02-06 00:12:34,0.20000000,61.27633,s,l
2026-02-06 00:12:34,0.20000000,61.27633,s,l
2026-02-06 00:12:35,0.20010000,61.27633,s,l
2026-02-06 00:12:35,0.19970000,2438.72367,s,l
2026-02-06 00:12:35,0.20030000,61.27633,s,l
2026-02-06 00:12:37,0.20050000,14.72500,b,l
2026-02-06 00:12:40,0.20020000,56.60764,s,l
2026-02-06 00:12:40,0.20020000,51.97474,s,l
2026-02-06 00:12:41,0.20020000,49.46567,s,l
2026-02-06 00:12:42,0.20020000,52.79261,s,l
2026-02-06 00:12:44,0.20030000,39.26008,s,l
2026-02-06 00:12:51,0.20000000,33.05530,s,l
2026-02-06 00:12:54,0.19980000,14.72500,b,l
2026-02-06 00:12:54,0.19960000,25.40133,s,l
2026-02-06 00:12:55,0.19950000,30.20728,s,l
2026-02-06 00:13:03,0.19950000,195.67690,b,l
2026-02-06 00:13:05,0.19990000,307.01610,b,l
2026-02-06 00:13:08,0.19960000,25.35817,s,l
2026-02-06 00:13:09,0.19940000,19.35317,s,l
2026-02-06 00:13:09,0.19920000,23.73716,s,l
2026-02-06 00:13:09,0.19910000,722.18860,s,l
2026-02-06 00:13:09,0.19910000,205.53140,s,l
2026-02-06 00:13:13,0.19920000,16.70949,s,l
2026-02-06 00:13:13,0.19950000,14.72500,b,l
2026-02-06 00:13:13,0.19920000,18.36087,s,l
2026-02-06 00:13:14,0.19890000,18.68562,s,l
2026-02-06 00:13:15,0.19820000,14.36519,s,l
2026-02-06 00:13:17,0.19840000,14.03831,s,l
2026-02-06 00:13:17,0.19840000,16.30742,s,l
2026-02-06 00:13:17,0.19830000,14.86465,s,l
2026-02-06 00:13:18,0.19830000,16.30742,s,l
2026-02-06 00:13:18,0.19800000,865.31980,s,l
2026-02-06 00:13:18,0.19790000,611.77857,s,l
2026-02-06 00:13:18,0.19790000,342.77356,s,l
2026-02-06 00:13:18,0.19790000,611.77857,s,l
2026-02-06 00:13:18,0.19780000,611.77857,s,l
2026-02-06 00:13:18,0.19780000,611.77857,s,l
2026-02-06 00:13:18,0.19780000,164.00000,s,l
2026-02-06 00:13:18,0.19770000,611.77857,s,l
2026-02-06 00:13:18,0.19770000,102.00000,s,l
2026-02-06 00:13:18,0.19770000,611.77857,s,l
2026-02-06 00:13:18,0.19770000,8524.42408,s,l
2026-02-06 00:13:18,0.19770000,611.77857,s,l
2026-02-06 00:13:18,0.19770000,611.77857,s,l
2026-02-06 00:13:18,0.19770000,1779.14880,s,l
2026-02-06 00:13:18,0.19770000,2321.81960,s,l
2026-02-06 00:13:19,0.19710000,6806.49252,s,l
2026-02-06 00:13:21,0.19660000,59.11000,s,l
2026-02-06 00:13:21,0.19660000,2638.06952,s,l
2026-02-06 00:13:21,0.19660000,4000.00000,s,l
2026-02-06 00:13:21,0.19660000,285.26899,s,l
2026-02-06 00:13:22,0.19610000,480.93750,s,l
2026-02-06 00:13:23,0.19650000,122.89726,s,l
2026-02-06 00:13:25,0.19740000,342.77356,b,l
2026-02-06 00:13:29,0.19680000,20.09840,s,l
2026-02-06 00:13:30,0.19670000,14.72500,b,l
2026-02-06 00:13:30,0.19590000,163.56789,b,l
2026-02-06 00:13:30,0.19590000,2364.93304,s,l
2026-02-06 00:13:31,0.19580000,480.93750,s,l
2026-02-06 00:13:31,0.19570000,480.93750,s,l
2026-02-06 00:13:31,0.19560000,480.93750,s,l
2026-02-06 00:13:31,0.19580000,444.05458,b,l
2026-02-06 00:13:34,0.19490000,4000.00000,s,l
2026-02-06 00:13:34,0.19490000,480.93750,s,l
2026-02-06 00:13:35,0.19470000,308.00000,s,l
2026-02-06 00:13:36,0.19500000,256.86170,b,l
2026-02-06 00:13:36,0.19580000,2064.95790,b,l
2026-02-06 00:13:36,0.19580000,5062.54920,b,l
2026-02-06 00:13:37,0.19600000,49.15890,s,l
2026-02-06 00:13:46,0.19660000,14.72500,b,l
2026-02-06 00:13:49,0.19520000,247.20540,s,l
2026-02-06 00:13:49,0.19470000,2212.54920,s,l
2026-02-06 00:13:49,0.19470000,171.67760,s,l
2026-02-06 00:13:49,0.19470000,3505.46795,s,l
2026-02-06 00:13:49,0.19460000,85.83880,s,l
2026-02-06 00:13:49,0.19460000,42.91940,s,l
2026-02-06 00:13:50,0.19520000,315.58050,b,l
2026-02-06 00:13:54,0.19490000,42.91940,s,l
2026-02-06 00:13:56,0.19580000,295.97660,b,l
2026-02-06 00:13:59,0.19620000,211.23389,b,l
2026-02-06 00:14:03,0.19440000,14.72500,b,l
2026-02-06 00:14:04,0.19330000,611.55710,s,l
2026-02-06 00:14:04,0.19330000,5953.00800,s,l
2026-02-06 00:14:04,0.19340000,2596.99200,s,l
2026-02-06 00:14:04,0.19340000,2706.45415,s,l
2026-02-06 00:14:06,0.19280000,243.77594,s,l
2026-02-06 00:14:06,0.19230000,8550.00000,s,l
2026-02-06 00:14:06,0.19230000,2214.07918,s,l
2026-02-06 00:14:06,0.19230000,635.92082,s,l
2026-02-06 00:14:06,0.19230000,5700.00000,s,l
2026-02-06 00:14:06,0.19230000,776.17970,s,l
2026-02-06 00:14:06,0.19190000,260.00000,s,l
2026-02-06 00:14:07,0.19220000,480.93750,b,l
2026-02-06 00:14:07,0.19190000,957.92100,s,l
2026-02-06 00:14:07,0.19210000,15.54408,s,l
2026-02-06 00:14:08,0.19210000,15.54408,s,l
2026-02-06 00:14:08,0.19190000,309.55200,b,l
2026-02-06 00:14:08,0.19190000,14.00597,s,l
2026-02-06 00:14:09,0.19210000,2765.14510,b,l
2026-02-06 00:14:09,0.19210000,480.93750,b,l
2026-02-06 00:14:09,0.19210000,480.93750,b,l
2026-02-06 00:14:09,0.19190000,163.56780,b,l
2026-02-06 00:14:10,0.19200000,17.53337,s,l
2026-02-06 00:14:10,0.19190000,480.93750,s,l
2026-02-06 00:14:10,0.19270000,303.05990,b,l
2026-02-06 00:14:10,0.19270000,6824.44720,b,l
2026-02-06 00:14:10,0.19260000,21.70941,s,l
2026-02-06 00:14:10,0.19280000,269.21147,b,l
2026-02-06 00:14:10,0.19320000,872.21741,s,l
2026-02-06 00:14:10,0.19320000,55.50259,s,l
2026-02-06 00:14:10,0.19300000,10706.11389,b,l
2026-02-06 00:14:10,0.19300000,927.72000,b,l
2026-02-06 00:14:10,0.19300000,1181.00000,b,l
2026-02-06 00:14:10,0.19250000,927.72000,s,l
2026-02-06 00:14:10,0.19250000,480.93750,s,l
2026-02-06 00:14:10,0.19330000,342.77356,b,l
2026-02-06 00:14:11,0.19310000,480.93750,b,l
2026-02-06 00:14:11,0.19320000,7127.50716,b,l
2026-02-06 00:14:11,0.19320000,480.93750,b,l
2026-02-06 00:14:12,0.19360000,21.70941,s,l
2026-02-06 00:14:12,0.19300000,19.66356,s,l
2026-02-06 00:14:12,0.19390000,21.01894,s,l
2026-02-06 00:14:13,0.19320000,691.00000,s,l
2026-02-06 00:14:13,0.19380000,21.01894,s,l
2026-02-06 00:14:14,0.19400000,2551.95430,b,l
2026-02-06 00:14:14,0.19400000,2850.00000,b,l
2026-02-06 00:14:14,0.19400000,1725.55280,b,l
2026-02-06 00:14:14,0.19360000,16.89114,s,l
2026-02-06 00:14:14,0.19360000,480.93750,s,l
2026-02-06 00:14:14,0.19350000,205.17136,s,l
2026-02-06 00:14:14,0.19400000,163.56789,b,l
2026-02-06 00:14:15,0.19230000,342.77356,s,l
2026-02-06 00:14:15,0.19230000,4873.43314,s,l
2026-02-06 00:14:15,0.19220000,298.04570,b,l
2026-02-06 00:14:15,0.19220000,5606.84712,b,l
2026-02-06 00:14:15,0.19220000,10171.10150,b,l
2026-02-06 00:14:15,0.19190000,2545.00000,s,l
2026-02-06 00:14:15,0.19190000,562.00000,s,l
2026-02-06 00:14:16,0.19180000,3353.43028,s,l
2026-02-06 00:14:17,0.19150000,15.51727,s,l
2026-02-06 00:14:17,0.19090000,603.83400,s,l
2026-02-06 00:14:17,0.19020000,621.00000,s,l
2026-02-06 00:14:18,0.19020000,822.00000,s,l
2026-02-06 00:14:18,0.19080000,20.19427,s,l
2026-02-06 00:14:18,0.19050000,1299.71000,b,l
2026-02-06 00:14:18,0.19050000,5807.60289,b,l
2026-02-06 00:14:18,0.19050000,7107.31289,s,l
2026-02-06 00:14:18,0.19080000,20.19427,s,l
2026-02-06 00:14:19,0.19040000,17.50144,s,l
2026-02-06 00:14:19,0.19080000,3453.83400,b,l
2026-02-06 00:14:19,0.19080000,2850.00000,b,l
2026-02-06 00:14:19,0.19080000,823.67316,b,l
2026-02-06 00:14:19,0.19100000,284.78700,b,l
2026-02-06 00:14:19,0.19130000,7127.50716,b,l
2026-02-06 00:14:19,0.19050000,480.93750,s,l
2026-02-06 00:14:19,0.19040000,5149.67844,s,l
2026-02-06 00:14:19,0.19150000,2563.13248,b,l
2026-02-06 00:14:19,0.19150000,3336.45251,b,l
2026-02-06 00:14:19,0.19150000,663.54749,b,l
2026-02-06 00:14:19,0.19150000,4000.00000,b,l
2026-02-06 00:14:19,0.19150000,2000.00000,b,l
2026-02-06 00:14:19,0.19150000,5127.50710,b,l
2026-02-06 00:14:20,0.19180000,20.19420,s,l
2026-02-06 00:14:21,0.19220000,287.70590,b,l
2026-02-06 00:14:21,0.19220000,5700.00000,b,l
2026-02-06 00:14:21,0.19220000,1139.80120,b,l
2026-02-06 00:14:21,0.19220000,1050.86262,s,l
2026-02-06 00:14:21,0.19250000,26.11810,s,l
2026-02-06 00:14:21,0.19220000,88.93864,s,l
2026-02-06 00:14:21,0.19210000,1710.19880,b,l
2026-02-06 00:14:21,0.19210000,2850.00000,b,l
2026-02-06 00:14:21,0.19210000,2478.36972,b,l
2026-02-06 00:14:21,0.19260000,26.11810,s,l
2026-02-06 00:14:22,0.19270000,2850.00000,b,l
2026-02-06 00:14:22,0.19270000,1427.50710,b,l
2026-02-06 00:14:22,0.19270000,2850.00000,b,l
2026-02-06 00:14:22,0.19320000,14.72500,b,l
2026-02-06 00:14:22,0.19300000,26.11814,s,l
2026-02-06 00:14:22,0.19310000,26.11810,s,l
2026-02-06 00:14:22,0.19300000,7127.50716,b,l
2026-02-06 00:14:22,0.19300000,2000.00000,b,l
2026-02-06 00:14:23,0.19310000,26.11810,s,l
2026-02-06 00:14:23,0.19320000,1422.49290,b,l
2026-02-06 00:14:23,0.19320000,577.50710,b,l
2026-02-06 00:14:24,0.19320000,26.11810,s,l
2026-02-06 00:14:25,0.19370000,26.22662,s,l
2026-02-06 00:14:25,0.19320000,7653.79858,s,l
2026-02-06 00:14:25,0.19310000,20000.00000,s,l
2026-02-06 00:14:25,0.19310000,5464.04495,s,l
2026-02-06 00:14:25,0.19300000,178.88996,s,l
2026-02-06 00:14:25,0.19290000,6086.41437,s,l
2026-02-06 00:14:25,0.19290000,480.93750,s,l
2026-02-06 00:14:25,0.19290000,8378.26807,s,l
2026-02-06 00:14:25,0.19290000,6086.41437,s,l
2026-02-06 00:14:25,0.19270000,480.93750,s,l
2026-02-06 00:14:25,0.19260000,8378.26807,s,l
2026-02-06 00:14:25,0.19250000,480.93750,s,l
2026-02-06 00:14:25,0.19240000,480.93750,s,l
2026-02-06 00:14:25,0.19240000,5197.50519,s,l
2026-02-06 00:14:25,0.19270000,220.14029,b,l
2026-02-06 00:14:25,0.19230000,577.50710,s,l
2026-02-06 00:14:25,0.19230000,1091.75967,s,l
2026-02-06 00:14:25,0.19230000,454.33153,s,l
2026-02-06 00:14:25,0.19230000,2850.00000,s,l
2026-02-06 00:14:25,0.19230000,7127.50716,s,l
2026-02-06 00:14:25,0.19300000,178.88996,b,l
2026-02-06 00:14:25,0.19300000,480.93750,b,l
2026-02-06 00:14:25,0.19220000,872.00000,s,l
2026-02-06 00:14:25,0.19320000,480.93750,b,l
2026-02-06 00:14:25,0.19330000,480.93750,b,l
2026-02-06 00:14:25,0.19330000,8071.02502,b,l
2026-02-06 00:14:25,0.19340000,480.93750,b,l
2026-02-06 00:14:25,0.19340000,12421.00000,b,l
2026-02-06 00:14:25,0.19340000,6782.82999,b,l
2026-02-06 00:14:25,0.19350000,480.93750,b,l
2026-02-06 00:14:25,0.19350000,151.70478,b,l
2026-02-06 00:14:26,0.19210000,21.00471,s,l
2026-02-06 00:14:26,0.19210000,2000.00000,s,l
2026-02-06 00:14:26,0.19210000,480.93750,s,l
2026-02-06 00:14:30,0.19150000,16.20505,s,l
2026-02-06 00:14:31,0.19170000,16.20505,s,l
2026-02-06 00:14:32,0.19160000,16.20505,s,l
2026-02-06 00:14:32,0.19160000,16.20505,s,l
2026-02-06 00:14:33,0.19200000,186.62418,b,l
2026-02-06 00:14:36,0.19010000,44.99195,s,l
2026-02-06 00:14:36,0.19010000,55.89013,s,l
2026-02-06 00:14:36,0.19010000,2794.10987,s,l
2026-02-06 00:14:36,0.19010000,1205.89010,s,l
2026-02-06 00:14:36,0.18930000,263.00000,s,l
2026-02-06 00:14:38,0.18940000,5807.60280,s,l
2026-02-06 00:14:38,0.18940000,1644.10990,s,l
2026-02-06 00:14:38,0.18940000,8550.00000,s,l
2026-02-06 00:14:38,0.18940000,2850.00000,s,l
2026-02-06 00:14:38,0.18940000,1644.10990,s,l
2026-02-06 00:14:38,0.18940000,4968.22230,s,l
2026-02-06 00:14:39,0.18990000,14.72500,b,l
2026-02-06 00:14:39,0.18990000,6.46600,b,l
2026-02-06 00:14:40,0.18720000,11217.87913,s,l
2026-02-06 00:14:41,0.18700000,342.77356,s,l
2026-02-06 00:14:41,0.18700000,1937.66780,s,l
2026-02-06 00:14:41,0.18700000,1719.55860,s,l
2026-02-06 00:14:41,0.18740000,696.72150,b,l
2026-02-06 00:14:41,0.18740000,5700.00000,b,l
2026-02-06 00:14:41,0.18740000,1719.55860,b,l
2026-02-06 00:14:41,0.18740000,1020.87391,b,l
2026-02-06 00:14:41,0.18740000,1837.54752,s,l
2026-02-06 00:14:42,0.18740000,162.45248,s,l
2026-02-06 00:14:42,0.18740000,6440.43251,s,l
2026-02-06 00:14:43,0.18770000,1829.12610,b,l
2026-02-06 00:14:43,0.18770000,2850.00000,b,l
2026-02-06 00:14:43,0.18770000,2850.00000,b,l
2026-02-06 00:14:43,0.18770000,2850.00000,b,l
2026-02-06 00:14:43,0.18770000,2850.00000,b,l
2026-02-06 00:14:43,0.18770000,480.93750,b,l
2026-02-06 00:14:43,0.18770000,10405.79270,b,l
2026-02-06 00:14:43,0.18770000,1348.18865,b,l
2026-02-06 00:14:43,0.18770000,4000.00000,s,l
2026-02-06 00:14:43,0.18770000,2000.00000,s,l
2026-02-06 00:14:43,0.18770000,3544.60123,s,l
2026-02-06 00:14:43,0.18770000,455.39877,s,l
2026-02-06 00:14:43,0.18770000,1544.60123,s,l
2026-02-06 00:14:44,0.18630000,207.91472,s,l
2026-02-06 00:14:44,0.18630000,2850.00000,s,l
2026-02-06 00:14:44,0.18630000,832.95630,s,l
2026-02-06 00:14:44,0.18570000,17.93060,s,l
2026-02-06 00:14:45,0.18780000,202.25010,b,l
2026-02-06 00:14:46,0.18840000,4871.82180,b,l
2026-02-06 00:14:46,0.18860000,480.93750,s,l
2026-02-06 00:14:46,0.18860000,21054.90310,b,l
2026-02-06 00:14:46,0.18860000,2222.51661,b,l
2026-02-06 00:14:47,0.18800000,7106.93460,s,l
2026-02-06 00:14:52,0.18890000,4000.00000,s,l
2026-02-06 00:14:54,0.18920000,96.23515,s,l
2026-02-06 00:14:54,0.18930000,4834.02831,s,l
2026-02-06 00:14:54,0.18930000,5628.59543,s,l
2026-02-06 00:14:54,0.18920000,480.93750,s,l
2026-02-06 00:14:54,0.18930000,4256.93460,b,l
2026-02-06 00:14:54,0.18930000,8035.74881,b,l
2026-02-06 00:14:54,0.18910000,480.93750,s,l
2026-02-06 00:14:55,0.18990000,297.17743,b,l
2026-02-06 00:14:55,0.19100000,14.72500,b,l
2026-02-06 00:15:00,0.18970000,480.93750,s,l
2026-02-06 00:15:00,0.18970000,480.93750,s,l
2026-02-06 00:15:00,0.18970000,4000.00000,s,l
2026-02-06 00:15:02,0.19010000,5260.38920,b,l
2026-02-06 00:15:07,0.19290000,2977.73383,b,l
2026-02-06 00:15:07,0.19290000,4297.69528,b,l
2026-02-06 00:15:07,0.19290000,6434.65594,b,l
2026-02-06 00:15:07,0.19290000,317.60617,b,l
2026-02-06 00:15:15,0.19140000,227.39847,s,l
2026-02-06 00:15:15,0.19140000,51.35485,s,l
2026-02-06 00:15:18,0.19030000,2850.00000,s,l
2026-02-06 00:15:18,0.19030000,1260.60710,s,l
2026-02-06 00:15:18,0.19030000,2850.00000,s,l
2026-02-06 00:15:18,0.19020000,5485.03660,s,l
2026-02-06 00:15:19,0.19100000,14.72500,b,l
2026-02-06 00:15:19,0.18970000,1804.35630,s,l
2026-02-06 00:15:19,0.18970000,2850.00000,s,l
2026-02-06 00:15:19,0.18970000,14.72500,s,l
2026-02-06 00:15:19,0.18970000,2447.03722,s,l
2026-02-06 00:15:22,0.18950000,1428.08750,s,l
2026-02-06 00:15:22,0.18950000,402.96280,s,l
2026-02-06 00:15:22,0.18950000,947.15000,s,l
2026-02-06 00:15:22,0.18950000,2850.00000,s,l
2026-02-06 00:15:22,0.18950000,267.88445,s,l
2026-02-06 00:15:22,0.18950000,2582.11555,s,l
2026-02-06 00:15:22,0.18950000,1674.73950,s,l
2026-02-06 00:15:22,0.18950000,2850.00000,s,l
2026-02-06 00:15:23,0.19060000,270.35230,b,l
2026-02-06 00:15:31,0.19000000,6428.55945,b,l
2026-02-06 00:15:31,0.19000000,7779.04700,b,l
2026-02-06 00:15:31,0.19000000,7667.75365,b,l
2026-02-06 00:15:32,0.19000000,4000.00000,s,l
2026-02-06 00:15:35,0.18910000,14.72500,b,l
2026-02-06 00:15:43,0.18760000,2725.93018,s,l
2026-02-06 00:15:43,0.18760000,251.80360,s,l
2026-02-06 00:15:45,0.18830000,42.30565,b,m
2026-02-06 00:15:51,0.18880000,202.09274,b,l
2026-02-06 00:15:53,0.18810000,14.72500,b,l
2026-02-06 00:15:55,0.18790000,14.72500,b,l
2026-02-06 00:15:55,0.18790000,213.86069,b,l
2026-02-06 00:15:56,0.18750000,11.00000,s,m
2026-02-06 00:15:56,0.18750000,132.00000,s,m
2026-02-06 00:16:00,0.19000000,260.93440,b,l
2026-02-06 00:16:01,0.19060000,2501.56050,b,l
2026-02-06 00:16:01,0.19060000,1181.39580,b,l
2026-02-06 00:16:01,0.19070000,3198.43950,b,l
2026-02-06 00:16:01,0.19070000,2850.00000,b,l
2026-02-06 00:16:01,0.19070000,2850.00000,b,l
2026-02-06 00:16:01,0.19070000,2850.00000,b,l
2026-02-06 00:16:01,0.19070000,2850.00000,b,l
2026-02-06 00:16:01,0.19070000,2850.00000,b,l
2026-02-06 00:16:04,0.19110000,207.90600,b,l
2026-02-06 00:16:04,0.19110000,10218.21663,b,l
2026-02-06 00:16:06,0.18990000,42.30039,s,m
2026-02-06 00:16:11,0.18920000,10218.21663,s,l
2026-02-06 00:16:12,0.18880000,319.52009,s,l
2026-02-06 00:16:12,0.18880000,480.93750,s,l
2026-02-06 00:16:13,0.18850000,8000.00000,s,l
2026-02-06 00:16:13,0.18860000,2000.00000,b,l
2026-02-06 00:16:13,0.18960000,14.72500,b,l
2026-02-06 00:16:15,0.18870000,927.72000,s,l
2026-02-06 00:16:20,0.18870000,11296.13800,s,l
2026-02-06 00:16:20,0.18870000,594.48750,s,l
2026-02-06 00:16:23,0.18890000,324.13339,b,l
2026-02-06 00:16:26,0.18780000,2850.00000,s,l
2026-02-06 00:16:26,0.18780000,8550.00000,s,l
2026-02-06 00:16:26,0.18780000,2850.00000,s,l
2026-02-06 00:16:26,0.18780000,1098.32800,s,l
2026-02-06 00:16:26,0.18780000,1751.67200,s,l
2026-02-06 00:16:26,0.18780000,2850.00000,s,l
2026-02-06 00:16:26,0.18780000,2850.00000,s,l
2026-02-06 00:16:26,0.18780000,2850.00000,s,l
2026-02-06 00:16:30,0.18800000,14.72500,b,l
2026-02-06 00:16:35,0.18800000,42.55319,b,m
2026-02-06 00:16:40,0.18670000,578.58293,s,m
2026-02-06 00:16:46,0.18870000,14.72500,b,l
2026-02-06 00:17:03,0.19130000,2850.00000,b,l
2026-02-06 00:17:03,0.19130000,14.72500,b,l
2026-02-06 00:17:03,0.19130000,7185.72447,b,l
2026-02-06 00:17:04,0.19190000,14.72500,b,l
2026-02-06 00:17:10,0.19300000,136.00000,s,l
2026-02-06 00:17:14,0.19560000,89.75800,b,l
2026-02-06 00:17:15,0.19510000,331.50687,s,l
2026-02-06 00:17:15,0.19500000,11.26669,s,l
2026-02-06 00:17:16,0.19480000,101.00000,s,l
2026-02-06 00:17:16,0.19420000,136.01645,s,l
2026-02-06 00:17:18,0.19290000,32.23024,s,l
2026-02-06 00:17:19,0.19260000,68.50766,s,l
2026-02-06 00:17:19,0.19250000,60.21152,s,l
2026-02-06 00:17:22,0.19310000,68.50766,s,l
2026-02-06 00:17:22,0.19310000,42.55294,s,m
2026-02-06 00:17:25,0.19310000,14.72500,b,l
2026-02-06 00:17:42,0.19370000,14.72500,b,l
2026-02-06 00:17:44,0.19270000,252.18289,s,l
2026-02-06 00:17:56,0.19210000,161.00000,s,m
2026-02-06 00:17:56,0.19210000,159.84767,s,m
2026-02-06 00:17:56,0.19210000,29.15233,s,m
2026-02-06 00:17:56,0.19210000,63.00000,s,m
2026-02-06 00:17:56,0.19210000,64.00000,s,m
2026-02-06 00:17:56,0.19210000,69.00000,s,m
2026-02-06 00:18:00,0.19280000,14.72500,b,l
2026-02-06 00:18:00,0.19210000,927.72000,s,l
2026-02-06 00:18:03,0.19260000,94.00000,b,l
2026-02-06 00:18:03,0.19260000,140.00000,b,l
2026-02-06 00:18:12,0.19230000,230.00000,b,l
2026-02-06 00:18:13,0.19230000,120.00000,b,l
2026-02-06 00:18:16,0.19120000,68.50760,s,l
2026-02-06 00:18:18,0.19090000,14.72500,b,l
2026-02-06 00:18:22,0.18980000,318.87755,s,l
2026-02-06 00:18:27,0.18880000,170.61930,s,l
2026-02-06 00:18:27,0.18880000,2413.43750,s,l
2026-02-06 00:18:27,0.18880000,170.61930,s,l
2026-02-06 00:18:34,0.18960000,100.00000,b,l
2026-02-06 00:18:34,0.18960000,170.10000,b,l
2026-02-06 00:18:37,0.18880000,5042.08180,b,l
2026-02-06 00:18:37,0.18880000,5109.29692,b,l
2026-02-06 00:18:43,0.18860000,4816.22047,b,l
2026-02-06 00:18:48,0.18930000,222.00000,s,l
2026-02-06 00:18:53,0.18800000,503.00000,s,l
2026-02-06 00:18:55,0.18810000,61.20000,s,l
2026-02-06 00:19:01,0.19030000,5588.18930,b,l
2026-02-06 00:19:05,0.18900000,154.13250,s,l
2026-02-06 00:19:07,0.18820000,129.10000,s,l
2026-02-06 00:19:08,0.18800000,284.92008,s,l
2026-02-06 00:19:10,0.18810000,462.84200,s,l
2026-02-06 00:19:22,0.18740000,100.00000,b,l
2026-02-06 00:19:24,0.18810000,230.00000,b,l
2026-02-06 00:19:28,0.18580000,7125.67620,s,l
2026-02-06 00:19:28,0.18580000,6117.26738,s,l
2026-02-06 00:19:28,0.18580000,190.08055,s,l
2026-02-06 00:19:28,0.18570000,4408.53283,s,l
2026-02-06 00:19:28,0.18560000,53.33351,s,l
2026-02-06 00:19:30,0.18560000,194.87267,s,l
2026-02-06 00:19:30,0.18550000,443.53864,s,l
2026-02-06 00:19:30,0.18550000,6127.24197,s,l
2026-02-06 00:19:30,0.18550000,6085.62538,s,l
2026-02-06 00:19:30,0.18550000,194.87267,s,l
2026-02-06 00:19:30,0.18510000,1561.00000,s,l
2026-02-06 00:19:30,0.18500000,2960.10000,s,l
2026-02-06 00:19:30,0.18500000,2606.40716,s,l
2026-02-06 00:19:34,0.18600000,21.08592,b,l
2026-02-06 00:19:43,0.18470000,305.21540,s,l
2026-02-06 00:19:44,0.18410000,21.72732,s,l
2026-02-06 00:19:45,0.18370000,271.00000,s,l
2026-02-06 00:19:45,0.18370000,21.72732,s,l
2026-02-06 00:19:45,0.18370000,21.72732,s,l
2026-02-06 00:19:47,0.18270000,21.89381,s,l
2026-02-06 00:19:47,0.18270000,188.47639,s,l
2026-02-06 00:19:47,0.18260000,2850.00000,s,l
2026-02-06 00:19:47,0.18260000,2850.00000,s,l
2026-02-06 00:19:47,0.18260000,2850.00000,s,l
2026-02-06 00:19:47,0.18260000,2850.00000,s,l
2026-02-06 00:19:47,0.18260000,1415.08360,s,l
2026-02-06 00:19:47,0.18250000,307.00434,s,l
2026-02-06 00:19:47,0.18200000,450.99566,s,l
2026-02-06 00:19:48,0.18200000,342.77356,s,l
2026-02-06 00:19:48,0.18200000,919.33080,s,l
2026-02-06 00:19:48,0.18200000,772.03070,s,l
2026-02-06 00:19:48,0.18200000,147.30010,s,l
2026-02-06 00:19:48,0.18200000,611.77857,s,l
2026-02-06 00:19:48,0.18200000,611.77857,s,l
2026-02-06 00:19:48,0.18200000,3704.41216,s,l
2026-02-06 00:19:48,0.18180000,10602.11484,s,l
2026-02-06 00:19:48,0.18140000,22.05071,s,l
2026-02-06 00:19:48,0.18110000,20497.50592,s,l
2026-02-06 00:19:49,0.18090000,480.93750,s,l
2026-02-06 00:19:49,0.18080000,15.21690,s,l
2026-02-06 00:19:49,0.18080000,5844.28917,s,l
2026-02-06 00:19:49,0.18080000,611.77857,s,l
2026-02-06 00:19:49,0.18080000,43.71536,s,l
2026-02-06 00:19:49,0.18040000,15.54536,s,l
2026-02-06 00:19:49,0.18040000,320.45464,s,l
2026-02-06 00:19:49,0.18040000,613.59813,s,l
2026-02-06 00:19:50,0.18040000,2036.95299,s,l
2026-02-06 00:19:50,0.18020000,1427.13199,s,l
2026-02-06 00:19:50,0.18120000,261.80860,b,l
2026-02-06 00:19:50,0.18120000,1773.74290,b,l
2026-02-06 00:19:51,0.18120000,149.00000,s,l
2026-02-06 00:19:53,0.18280000,22.05071,b,l
2026-02-06 00:19:55,0.18270000,480.93750,s,m
2026-02-06 00:19:55,0.18270000,4688.58836,s,m
2026-02-06 00:19:57,0.18200000,22.75620,s,m
2026-02-06 00:19:57,0.18170000,17589.00000,s,l
2026-02-06 00:19:58,0.18170000,300.00183,s,m
2026-02-06 00:20:00,0.18280000,112.46000,b,l
2026-02-06 00:20:01,0.18340000,7127.50710,b,l
2026-02-06 00:20:01,0.18410000,21.89381,b,l
2026-02-06 00:20:01,0.18410000,7127.50716,b,l
2026-02-06 00:20:02,0.18480000,163.56780,b,l
2026-02-06 00:20:02,0.18490000,220.64061,b,l
2026-02-06 00:20:02,0.18540000,997.11650,b,l
2026-02-06 00:20:02,0.18540000,17100.00000,b,l
2026-02-06 00:20:02,0.18540000,2850.00000,b,l
2026-02-06 00:20:02,0.18540000,2811.24071,b,l
2026-02-06 00:20:02,0.18540000,38.75929,b,l
2026-02-06 00:20:02,0.18470000,480.93750,s,l
2026-02-06 00:20:02,0.18460000,6646.56966,s,l
2026-02-06 00:20:02,0.18550000,21.72732,b,l
2026-02-06 00:20:02,0.18550000,141.27268,b,l
2026-02-06 00:20:03,0.18550000,547.00000,b,l
2026-02-06 00:20:03,0.18530000,20.23590,s,l
2026-02-06 00:20:05,0.18350000,12840.71195,s,l
2026-02-06 00:20:05,0.18320000,480.93750,s,l
2026-02-06 00:20:05,0.18310000,6646.56966,s,l
2026-02-06 00:20:05,0.18340000,23758.35720,b,l
2026-02-06 00:20:06,0.18330000,16.44030,s,l
2026-02-06 00:20:07,0.18270000,16.26420,s,l
2026-02-06 00:20:07,0.18280000,17.23790,s,l
2026-02-06 00:20:07,0.18300000,17.23790,s,l
2026-02-06 00:20:08,0.18270000,17.23790,s,l
2026-02-06 00:20:09,0.18350000,15.60330,s,l
2026-02-06 00:20:10,0.18360000,18.84900,s,l
2026-02-06 00:20:12,0.18310000,20.71010,s,l
2026-02-06 00:20:13,0.18270000,292.07999,s,l
2026-02-06 00:20:13,0.18260000,21.66133,s,l
2026-02-06 00:20:13,0.18260000,846.52084,s,l
2026-02-06 00:20:16,0.18190000,20.84740,s,l
2026-02-06 00:20:16,0.18170000,289.83028,s,l
2026-02-06 00:20:16,0.18160000,26.99349,s,l
2026-02-06 00:20:16,0.18140000,6810.68330,b,l
2026-02-06 00:20:16,0.18180000,226.15663,b,l
2026-02-06 00:20:16,0.18180000,10171.10150,b,l
2026-02-06 00:20:18,0.18160000,32.32410,s,l
2026-02-06 00:20:18,0.18160000,32.32410,s,l
2026-02-06 00:20:19,0.18110000,27.54110,s,l
2026-02-06 00:20:19,0.18150000,32.32410,s,l
2026-02-06 00:20:20,0.18120000,22.59470,s,l
2026-02-06 00:20:20,0.18080000,958.35720,s,l
2026-02-06 00:20:20,0.18080000,5397.38190,s,l
2026-02-06 00:20:20,0.18080000,2807.27190,s,l
2026-02-06 00:20:20,0.18080000,2850.00000,s,l
2026-02-06 00:20:20,0.18080000,698.46720,s,l
2026-02-06 00:20:20,0.18080000,259.89003,s,l
2026-02-06 00:20:20,0.18070000,6100.33627,s,l
2026-02-06 00:20:20,0.18070000,480.93750,s,l
2026-02-06 00:20:20,0.18070000,477.41979,s,l
2026-02-06 00:20:20,0.18080000,6355.73910,s,l
2026-02-06 00:20:20,0.18020000,931.93310,s,l
2026-02-06 00:20:20,0.18020000,506.42610,s,l
2026-02-06 00:20:20,0.18020000,1359.23300,s,l
2026-02-06 00:20:20,0.18020000,2850.00000,s,l
2026-02-06 00:20:20,0.18020000,110.62550,s,l
2026-02-06 00:20:20,0.18020000,1359.23300,s,l
2026-02-06 00:20:22,0.18240000,567.14000,b,l
2026-02-06 00:20:24,0.18290000,18.72643,s,l
2026-02-06 00:20:25,0.18200000,454.94420,s,l
2026-02-06 00:20:30,0.18010000,16.66383,s,l
2026-02-06 00:20:31,0.18210000,1894.00000,b,l
2026-02-06 00:20:36,0.18250000,24.47583,s,l
2026-02-06 00:20:44,0.18450000,26.13293,s,l
2026-02-06 00:20:44,0.18390000,18.66761,s,l
2026-02-06 00:20:45,0.18330000,204.26920,s,l
2026-02-06 00:20:47,0.18270000,18.84857,s,l
2026-02-06 00:20:47,0.18260000,206.68053,s,l
2026-02-06 00:20:47,0.18260000,0.00012,s,l
2026-02-06 00:20:48,0.18230000,22.75055,s,l
2026-02-06 00:20:50,0.18250000,18.96481,s,l
2026-02-06 00:20:53,0.18440000,822.81952,b,m
2026-02-06 00:20:53,0.18400000,14.89266,s,l
2026-02-06 00:20:57,0.18270000,251.11950,s,l
2026-02-06 00:21:01,0.18470000,2624.10780,b,l
2026-02-06 00:21:13,0.18740000,21.08592,b,l
2026-02-06 00:21:13,0.18760000,1034.21229,b,l
2026-02-06 00:21:13,0.18690000,51.77807,s,l
2026-02-06 00:21:24,0.18960000,6868.56960,b,l
2026-02-06 00:21:25,0.18980000,163.56780,b,l
2026-02-06 00:21:25,0.19030000,313.00000,b,l
2026-02-06 00:21:36,0.18940000,14.57144,s,l
2026-02-06 00:21:37,0.18940000,17.12439,s,l
2026-02-06 00:21:38,0.18990000,337.18947,s,l
2026-02-06 00:21:39,0.19010000,14.29373,s,l
2026-02-06 00:21:40,0.18990000,234.29968,s,l
2026-02-06 00:21:40,0.18970000,14.95269,s,l
2026-02-06 00:21:42,0.18950000,14.63375,s,l
2026-02-06 00:21:42,0.18940000,402.52612,s,l
2026-02-06 00:21:42,0.18930000,6884.11973,s,l
2026-02-06 00:21:44,0.18900000,14.03347,s,l
2026-02-06 00:21:44,0.18890000,288.05721,s,l
2026-02-06 00:21:44,0.18880000,282.70113,s,l
2026-02-06 00:21:44,0.18880000,570.75834,s,l
2026-02-06 00:21:44,0.18880000,2850.00000,s,l
2026-02-06 00:21:48,0.18870000,5368.27360,s,l
2026-02-06 00:21:48,0.18870000,21.77709,s,l
2026-02-06 00:21:48,0.18860000,7110.68094,s,l
2026-02-06 00:21:48,0.18860000,4445.91616,s,l
2026-02-06 00:21:51,0.18950000,1273.21600,b,l
2026-02-06 00:21:51,0.18920000,18.16016,s,l
2026-02-06 00:21:56,0.18900000,767.00952,s,l
2026-02-06 00:21:57,0.18860000,160.71048,s,l
2026-02-06 00:22:00,0.18900000,27419.79700,b,l
2026-02-06 00:22:00,0.18890000,20.60346,s,l
2026-02-06 00:22:01,0.18820000,258.49015,s,l
2026-02-06 00:22:01,0.18820000,19.27465,s,l
2026-02-06 00:22:03,0.18850000,163.56789,s,l
2026-02-06 00:22:04,0.18860000,17.13922,s,l
2026-02-06 00:22:06,0.18770000,22.77870,s,l
2026-02-06 00:22:06,0.18770000,292.32770,s,l
2026-02-06 00:22:14,0.18670000,24.52391,s,l
2026-02-06 00:22:28,0.18820000,873.18450,s,l
2026-02-06 00:22:53,0.18780000,22.67757,s,m
2026-02-06 00:22:53,0.18780000,197.25746,s,m
2026-02-06 00:22:53,0.18770000,602.88449,s,m
2026-02-06 00:23:00,0.18910000,293.73890,b,l
2026-02-06 00:23:02,0.18860000,213.50370,s,l
2026-02-06 00:23:05,0.18940000,729.45160,b,l
2026-02-06 00:23:05,0.18940000,729.45160,b,l
2026-02-06 00:23:05,0.18940000,2699.99400,b,l
2026-02-06 00:23:05,0.18940000,2850.00000,b,l
2026-02-06 00:23:06,0.18960000,163.56789,s,l
2026-02-06 00:23:19,0.18940000,32.38025,s,l
2026-02-06 00:23:20,0.18900000,329.68300,s,l
2026-02-06 00:23:21,0.18880000,30.82974,s,l
2026-02-06 00:23:21,0.18880000,193.09616,s,l
2026-02-06 00:23:25,0.18800000,234.12910,s,l
2026-02-06 00:23:26,0.18780000,307.81070,s,l
2026-02-06 00:23:29,0.18760000,259.83227,s,l
2026-02-06 00:23:31,0.18830000,485.21836,b,l
2026-02-06 00:23:37,0.18770000,357.07269,s,l
2026-02-06 00:23:43,0.18870000,357.91850,b,l
2026-02-06 00:23:43,0.18880000,244.94550,b,l
2026-02-06 00:24:06,0.19030000,8616.03660,b,l
2026-02-06 00:24:06,0.19030000,525.31130,b,l
2026-02-06 00:24:06,0.19030000,1045.00260,b,l
2026-02-06 00:24:06,0.19030000,5276.14770,b,l
2026-02-06 00:24:06,0.19030000,4348.75860,b,l
2026-02-06 00:24:06,0.19030000,2351.85690,b,l
2026-02-06 00:24:06,0.19030000,307.81070,b,l
2026-02-06 00:24:06,0.19030000,766.86350,b,l
2026-02-06 00:24:16,0.18970000,223.99575,s,l
2026-02-06 00:24:49,0.18910000,300.43082,s,l
2026-02-06 00:24:49,0.18910000,627.28918,s,l
2026-02-06 00:24:58,0.18960000,963.62578,b,l
2026-02-06 00:25:05,0.18890000,255.67150,s,l
2026-02-06 00:25:11,0.19020000,98.00000,b,l
2026-02-06 00:25:38,0.18930000,905.30260,b,l
2026-02-06 00:25:56,0.18940000,601.20350,b,l
2026-02-06 00:26:00,0.18980000,304.69020,b,l
2026-02-06 00:26:02,0.19050000,337.87950,b,l
2026-02-06 00:26:06,0.19120000,254.12390,b,l
2026-02-06 00:26:10,0.19180000,480.93750,b,l
2026-02-06 00:26:10,0.19190000,163.56789,b,l
2026-02-06 00:26:10,0.19190000,157.66261,b,l
2026-02-06 00:26:13,0.19090000,254.32137,s,l
2026-02-06 00:26:13,0.19090000,33.12859,s,l
2026-02-06 00:26:14,0.19060000,115.75195,s,l
2026-02-06 00:26:16,0.19140000,163.83170,b,l
2026-02-06 00:26:17,0.19200000,170.00000,b,l
2026-02-06 00:26:17,0.19180000,240.00000,b,l
2026-02-06 00:26:17,0.19180000,93.00000,b,l
2026-02-06 00:26:18,0.19200000,139.28160,b,l
2026-02-06 00:26:18,0.19250000,130.00000,b,l
2026-02-06 00:26:25,0.19090000,236.97336,s,l
2026-02-06 00:26:31,0.19040000,216.17269,s,l
2026-02-06 00:26:31,0.19040000,711.54731,s,l
2026-02-06 00:26:36,0.19000000,205.90449,s,l
2026-02-06 00:26:37,0.19010000,927.72000,s,l
2026-02-06 00:26:38,0.18970000,196.12403,s,l
2026-02-06 00:26:39,0.18930000,156.00000,s,l
2026-02-06 00:26:50,0.18970000,7127.50716,s,l
2026-02-06 00:26:50,0.18970000,219.89507,s,l
2026-02-06 00:27:00,0.19000000,174.21461,s,l
2026-02-06 00:27:01,0.18990000,174.21460,s,l
2026-02-06 00:27:04,0.18900000,137.23547,s,l
2026-02-06 00:27:09,0.19020000,198.53249,b,l
2026-02-06 00:27:09,0.19030000,41.46751,b,l
2026-02-06 00:27:21,0.19060000,260.83830,b,l
2026-02-06 00:27:22,0.19070000,255.39760,b,l
2026-02-06 00:27:24,0.19120000,2770.09070,b,l
2026-02-06 00:27:36,0.19040000,177.06534,s,l
2026-02-06 00:27:40,0.19040000,3079.67473,s,l
2026-02-06 00:27:40,0.19030000,2103.03669,s,l
2026-02-06 00:28:11,0.19040000,177.39890,s,l
2026-02-06 00:28:20,0.19040000,14.72500,b,l
2026-02-06 00:28:22,0.18970000,5700.00000,s,l
2026-02-06 00:28:23,0.18970000,1339.88730,s,l
2026-02-06 00:28:27,0.18950000,2850.00000,s,l
2026-02-06 00:28:27,0.18950000,2850.00000,s,l
2026-02-06 00:28:27,0.18950000,1784.37864,s,l
2026-02-06 00:28:27,0.18950000,1065.62136,s,l
2026-02-06 00:28:27,0.18950000,1254.82340,s,l
2026-02-06 00:28:27,0.18950000,1595.17660,s,l
2026-02-06 00:28:27,0.18950000,1254.82330,s,l
2026-02-06 00:28:41,0.19040000,8071.02500,b,l
2026-02-06 00:28:47,0.19050000,865.05580,b,l
2026-02-06 00:28:53,0.19100000,163.56789,b,l
2026-02-06 00:28:53,0.19110000,19.16111,b,l
2026-02-06 00:29:09,0.19220000,14.72500,b,l
2026-02-06 00:29:25,0.19180000,226.35683,s,l
2026-02-06 00:29:25,0.19180000,3.64317,s,l
2026-02-06 00:29:27,0.19230000,14.72500,b,l
2026-02-06 00:29:35,0.19260000,68.50760,b,l
2026-02-06 00:29:44,0.19250000,14.72500,b,l
2026-02-06 00:30:00,0.19260000,14.72500,b,l
2026-02-06 00:30:04,0.19210000,927.72000,s,l
2026-02-06 00:30:04,0.19210000,927.72000,s,l
2026-02-06 00:30:04,0.19200000,8067.38180,s,l
2026-02-06 00:30:04,0.19210000,927.72000,s,l
2026-02-06 00:30:08,0.19240000,990.27120,b,l
2026-02-06 00:30:08,0.19240000,990.27120,b,l
2026-02-06 00:30:08,0.19250000,189.32120,b,l
2026-02-06 00:30:08,0.19250000,800.95000,b,l
2026-02-06 00:30:17,0.19210000,235.18667,s,l
2026-02-06 00:30:17,0.19210000,692.53330,s,l
2026-02-06 00:30:18,0.19190000,2631.57890,s,l
2026-02-06 00:30:19,0.19180000,14.72500,b,l
2026-02-06 00:30:29,0.19190000,89.75800,s,l
2026-02-06 00:30:45,0.19350000,14.72500,b,l
2026-02-06 00:30:45,0.19350000,607.78944,b,l
2026-02-06 00:30:51,0.19350000,14.72500,b,l
2026-02-06 00:31:07,0.19400000,68.50760,b,l
2026-02-06 00:31:13,0.19540000,68.50760,b,l
2026-02-06 00:31:24,0.19510000,14.72500,b,l
2026-02-06 00:31:35,0.19510000,227.57936,s,l
2026-02-06 00:31:38,0.19550000,1915.87420,b,l
2026-02-06 00:31:42,0.19550000,14.72500,b,l
2026-02-06 00:31:42,0.19550000,421.40080,b,l
2026-02-06 00:31:50,0.19500000,197.18017,s,l
2026-02-06 00:31:50,0.19500000,421.40080,s,l
2026-02-06 00:31:50,0.19500000,81.55960,s,l
2026-02-06 00:31:55,0.19480000,927.72000,s,l
2026-02-06 00:31:58,0.19500000,14.72500,b,l
2026-02-06 00:32:10,0.19390000,68.50760,s,l
2026-02-06 00:32:30,0.19440000,14.72500,b,l
2026-02-06 00:32:46,0.19440000,14.72500,b,l
2026-02-06 00:33:03,0.19480000,14.72500,b,l
2026-02-06 00:33:13,0.19540000,68.50760,b,l
2026-02-06 00:33:26,0.19680000,68.50760,b,l
2026-02-06 00:34:01,0.19720000,161.93772,b,l
2026-02-06 00:34:01,0.19740000,844.44103,b,l
2026-02-06 00:34:01,0.19740000,844.44103,b,l
2026-02-06 00:34:23,0.19820000,68.50760,b,l
2026-02-06 00:34:24,0.19830000,7859.00790,b,l
2026-02-06 00:34:26,0.19860000,847.59980,b,l
2026-02-06 00:34:32,0.19910000,1575.00000,b,l
2026-02-06 00:34:36,0.19970000,68.50760,b,l
2026-02-06 00:34:38,0.19960000,163.56789,s,l
2026-02-06 00:34:41,0.20020000,14.72500,b,l
2026-02-06 00:34:41,0.20020000,2497.76251,b,l
2026-02-06 00:35:01,0.20050000,296.78190,b,l
2026-02-06 00:35:01,0.20050000,14.72500,b,l
2026-02-06 00:35:01,0.20050000,1479.49310,b,l
2026-02-06 00:35:12,0.20110000,68.50760,b,l
2026-02-06 00:35:14,0.20130000,2095.13340,b,l
2026-02-06 00:35:14,0.20130000,873.86690,b,l
2026-02-06 00:35:57,0.20080000,146.91901,s,l
2026-02-06 00:36:24,0.20030000,1167.33600,s,l
2026-02-06 00:36:53,0.20120000,927.72000,s,l
2026-02-06 00:37:23,0.20240000,848.15540,b,l
2026-02-06 00:37:24,0.20250000,68.50760,b,l
2026-02-06 00:38:03,0.20330000,385.33630,b,l
2026-02-06 00:38:19,0.20300000,927.72000,s,l
2026-02-06 00:38:19,0.20300000,35.90578,s,l
2026-02-06 00:38:19,0.20300000,927.72000,s,l
2026-02-06 00:38:39,0.20350000,4716.68830,b,l
2026-02-06 00:38:47,0.20390000,68.50760,b,l
2026-02-06 00:38:52,0.20440000,308.00000,b,l
2026-02-06 00:39:47,0.20560000,1919.50389,b,m
2026-02-06 00:39:49,0.20510000,42.54612,s,m
2026-02-06 00:40:00,0.20580000,163.56789,b,l
2026-02-06 00:40:00,0.20580000,4087.44201,b,l
2026-02-06 00:40:00,0.20580000,2742.50532,b,l
2026-02-06 00:41:02,0.20430000,1241.30912,s,l
2026-02-06 00:41:07,0.20400000,4716.68830,s,l
2026-02-06 00:41:22,0.20390000,2298.78760,s,l
2026-02-06 00:41:22,0.20390000,2850.00000,s,l
2026-02-06 00:41:25,0.20380000,163.56789,b,l
2026-02-06 00:41:25,0.20390000,4658.41781,b,l
2026-02-06 00:41:25,0.20390000,3014.11397,b,l
2026-02-06 00:41:25,0.20390000,2863.66272,b,l
2026-02-06 00:41:25,0.20390000,219.48320,b,l
2026-02-06 00:41:34,0.20380000,7215.16491,b,l
2026-02-06 00:41:48,0.20390000,1919.50389,s,m
2026-02-06 00:42:06,0.20360000,500.00000,b,m
2026-02-06 00:43:11,0.20370000,98.23183,b,m
2026-02-06 00:43:21,0.20350000,4139.50020,b,l
2026-02-06 00:43:27,0.20300000,3347.25630,b,l
2026-02-06 00:43:27,0.20300000,568.63670,b,l
2026-02-06 00:43:27,0.20300000,1104.99150,b,l
2026-02-06 00:43:27,0.20300000,284.31830,b,l
2026-02-06 00:43:27,0.20300000,552.49580,b,l
2026-02-06 00:43:27,0.20300000,142.15910,b,l
2026-02-06 00:43:27,0.20300000,276.24790,b,l
2026-02-06 00:43:27,0.20300000,71.07960,b,l
2026-02-06 00:43:30,0.20310000,173.66370,b,l
2026-02-06 00:43:30,0.20310000,86.83190,b,l
2026-02-06 00:43:44,0.20350000,43.41590,b,l
2026-02-06 00:43:44,0.20350000,21.70800,b,l
2026-02-06 00:43:44,0.20370000,203.44430,b,l
2026-02-06 00:43:49,0.20340000,246.43802,s,l
2026-02-06 00:43:49,0.20330000,238.78034,s,l
2026-02-06 00:44:06,0.20340000,14.70000,s,l
2026-02-06 00:44:17,0.20380000,2187.81210,b,l
2026-02-06 00:44:30,0.20360000,458.74360,b,l
2026-02-06 00:44:30,0.20360000,390.96170,b,l
2026-02-06 00:44:50,0.20370000,1271.00000,b,l
2026-02-06 00:44:50,0.20370000,16.01343,b,l
2026-02-06 00:44:50,0.20380000,2000.00000,b,l
2026-02-06 00:45:03,0.20440000,1006.15110,b,l
2026-02-06 00:45:04,0.20470000,190.40349,b,l
2026-02-06 00:45:12,0.20570000,90.00000,b,l
2026-02-06 00:45:15,0.20600000,19.67535,b,l
2026-02-06 00:45:56,0.20590000,232.41280,s,l
2026-02-06 00:45:56,0.20590000,927.72000,s,l
2026-02-06 00:46:12,0.20510000,261.14214,s,l
2026-02-06 00:46:18,0.20550000,366.43210,b,l
2026-02-06 00:47:03,0.20560000,926.07580,b,l
2026-02-06 00:47:17,0.20530000,274.62590,s,l
2026-02-06 00:47:30,0.20500000,17.16444,b,l
2026-02-06 00:47:55,0.20470000,240.62813,s,l
2026-02-06 00:48:05,0.20450000,19.67535,s,l
2026-02-06 00:48:50,0.20370000,186.41160,s,l
2026-02-06 00:49:00,0.20330000,142.60271,s,l
2026-02-06 00:49:21,0.20330000,845.96304,b,l
2026-02-06 00:49:21,0.20330000,399.24796,b,l
2026-02-06 00:49:34,0.20330000,621.82500,b,l
2026-02-06 00:49:36,0.20330000,621.82506,b,l
2026-02-06 00:50:07,0.20410000,319.59728,s,l
2026-02-06 00:50:07,0.20410000,608.12270,s,l
2026-02-06 00:50:07,0.20410000,927.72000,s,l
2026-02-06 00:50:41,0.20470000,194.26526,s,l
2026-02-06 00:50:41,0.20470000,342.47664,s,l
2026-02-06 00:51:06,0.20600000,19.67535,b,l
2026-02-06 00:51:16,0.20640000,728.15533,b,m
2026-02-06 00:51:26,0.20590000,927.72000,s,l
2026-02-06 00:51:31,0.20580000,927.72000,s,l
2026-02-06 00:51:31,0.20580000,927.72000,s,l
2026-02-06 00:51:33,0.20570000,862.79819,s,l
2026-02-06 00:51:33,0.20570000,2000.00000,s,l
2026-02-06 00:51:33,0.20570000,1922.28000,s,l
2026-02-06 00:51:33,0.20570000,2850.00000,s,l
2026-02-06 00:51:33,0.20570000,2087.81920,s,l
2026-02-06 00:51:45,0.20540000,8071.02493,s,l
2026-02-06 00:51:52,0.20550000,849.40450,b,l
2026-02-06 00:51:52,0.20560000,1232.91605,b,l
2026-02-06 00:51:52,0.20560000,5.49865,b,l
2026-02-06 00:51:56,0.20600000,809.05780,b,l
2026-02-06 00:52:13,0.20520000,2040.94220,b,l
2026-02-06 00:54:18,0.20680000,770.62760,s,l
2026-02-06 00:54:18,0.20680000,157.09240,s,l
2026-02-06 00:54:46,0.20670000,16.28548,b,l
2026-02-06 00:55:11,0.20690000,189.64637,s,l
2026-02-06 00:55:11,0.20690000,2041.62533,s,l
2026-02-06 00:55:11,0.20690000,3171.68310,s,l
2026-02-06 00:55:25,0.20610000,306.20471,s,l
2026-02-06 00:55:34,0.20590000,927.72000,s,l
2026-02-06 00:56:37,0.20540000,1147.20550,b,l
2026-02-06 00:57:20,0.20450000,19.67535,s,l
2026-02-06 00:57:33,0.20520000,1291.53620,b,m
2026-02-06 00:58:36,0.20450000,940.70858,b,l
2026-02-06 00:58:36,0.20450000,940.70852,b,l
2026-02-06 00:58:36,0.20450000,780.90413,s,l
2026-02-06 00:58:36,0.20450000,159.80445,b,l
2026-02-06 00:58:56,0.20560000,780.90413,b,m
2026-02-06 00:58:56,0.20560000,145.69914,b,m
2026-02-06 00:59:11,0.20560000,3200.00000,s,l
2026-02-06 00:59:30,0.20510000,842.62608,s,l
2026-02-06 00:59:30,0.20510000,85.09390,s,l
2026-02-06 01:00:15,0.20510000,223.25970,b,l
2026-02-06 01:00:20,0.20490000,927.72000,s,l
2026-02-06 01:02:07,0.20510000,2137.37020,b,l
2026-02-06 01:02:07,0.20510000,2935.09390,b,l
2026-02-06 01:02:07,0.20510000,2850.00000,b,l
2026-02-06 01:02:07,0.20510000,1721.36377,b,l
2026-02-06 01:02:07,0.20530000,766.70510,b,l
2026-02-06 01:02:44,0.20500000,625.99486,s,l
2026-02-06 01:02:44,0.20500000,301.72510,s,l
2026-02-06 01:03:10,0.20400000,464.98000,s,l
2026-02-06 01:03:10,0.20400000,462.74000,s,l
2026-02-06 01:03:14,0.20410000,480.93750,s,l
2026-02-06 01:03:14,0.20410000,4927.95894,s,l
2026-02-06 01:03:14,0.20400000,780.90413,s,l
2026-02-06 01:03:14,0.20400000,480.93750,s,l
2026-02-06 01:03:14,0.20400000,13090.00000,s,l
2026-02-06 01:03:14,0.20390000,815.39362,s,l
2026-02-06 01:03:24,0.20450000,962.67743,b,l
2026-02-06 01:03:24,0.20450000,0.94835,b,l
2026-02-06 01:04:04,0.20530000,789.22479,b,l
2026-02-06 01:04:10,0.20600000,19.67535,b,l
2026-02-06 01:04:15,0.20620000,647.16433,b,l
2026-02-06 01:04:34,0.20690000,2850.00000,s,l
2026-02-06 01:04:34,0.20690000,1360.90208,s,l
2026-02-06 01:04:34,0.20690000,1253.87442,s,l
2026-02-06 01:04:34,0.20690000,961.87500,s,l
2026-02-06 01:04:34,0.20690000,2850.00000,s,l
2026-02-06 01:04:34,0.20690000,296.74875,s,l
2026-02-06 01:04:35,0.20690000,296.74870,b,l
2026-02-06 01:04:45,0.20720000,638.43356,s,l
2026-02-06 01:04:45,0.20720000,1493.84720,s,l
2026-02-06 01:04:49,0.20800000,56.55990,b,l
2026-02-06 01:05:08,0.20860000,2850.00000,b,l
2026-02-06 01:05:09,0.20860000,2850.00000,b,l
2026-02-06 01:05:09,0.20860000,2850.00000,b,l
2026-02-06 01:05:09,0.20850000,1116.50550,b,l
2026-02-06 01:05:22,0.20730000,926.60327,s,m
2026-02-06 01:06:02,0.20670000,174.32170,s,l
2026-02-06 01:06:25,0.20630000,3966.50550,s,l
2026-02-06 01:09:31,0.21000000,927.72000,s,l
2026-02-06 01:09:47,0.21010000,2850.00000,b,l
2026-02-06 01:09:47,0.21010000,1116.50556,b,l
2026-02-06 01:09:52,0.21010000,98.23183,s,m
2026-02-06 01:10:53,0.21050000,95.19277,b,m
2026-02-06 01:11:20,0.21020000,200.00000,s,m
2026-02-06 01:11:51,0.21180000,229.12230,b,l
2026-02-06 01:11:51,0.21190000,1023.00380,b,l
2026-02-06 01:12:21,0.21120000,927.72000,s,l
2026-02-06 01:12:42,0.21070000,417.49100,s,l
2026-02-06 01:12:57,0.20930000,3.50000,s,m
2026-02-06 01:12:57,0.20930000,0.50000,s,m
2026-02-06 01:13:16,0.20930000,728.15533,s,m
2026-02-06 01:13:53,0.21010000,380.96600,s,l
2026-02-06 01:13:53,0.21010000,61.41135,s,l
2026-02-06 01:13:53,0.21010000,4220.78505,s,l
2026-02-06 01:14:14,0.20980000,163.56789,b,l
2026-02-06 01:14:14,0.20990000,1031.50787,b,l
2026-02-06 01:14:14,0.20990000,2923.55284,b,l
2026-02-06 01:16:05,0.21020000,1157.46097,s,l
2026-02-06 01:16:22,0.20950000,210.81602,s,l
2026-02-06 01:17:45,0.21150000,258.29758,b,l
2026-02-06 01:17:45,0.21150000,733.64372,b,l
2026-02-06 01:17:45,0.21150000,1986.06800,b,l
2026-02-06 01:17:45,0.21150000,1829.27180,b,l
2026-02-06 01:19:02,0.21010000,214.43270,s,l
2026-02-06 01:19:54,0.20940000,1601.78700,b,l
2026-02-06 01:19:54,0.20940000,2771.34035,b,l
2026-02-06 01:19:54,0.20960000,78.65970,b,l
2026-02-06 01:20:09,0.20920000,193.22996,s,l
2026-02-06 01:20:09,0.20920000,734.49004,s,l
2026-02-06 01:21:05,0.20910000,927.72000,s,l
2026-02-06 01:21:05,0.20910000,927.72000,s,l
2026-02-06 01:22:16,0.20880000,163.56789,b,m
2026-02-06 01:22:16,0.20880000,553.79222,b,m
2026-02-06 01:26:03,0.20810000,927.72000,s,l
2026-02-06 01:26:03,0.20810000,927.72000,s,l
2026-02-06 01:26:03,0.20810000,388.07930,s,l
2026-02-06 01:26:03,0.20810000,539.64070,s,l
2026-02-06 01:26:03,0.20800000,100.00000,s,l
2026-02-06 01:26:18,0.20770000,1686.79113,b,l
2026-02-06 01:26:18,0.20770000,1686.79113,b,l
2026-02-06 01:27:09,0.20850000,74.70610,b,l
2026-02-06 01:27:36,0.20810000,74.70610,s,l
2026-02-06 01:27:36,0.20810000,853.01390,s,l
2026-02-06 01:28:09,0.20810000,927.72000,s,l
2026-02-06 01:28:43,0.20780000,211.97728,s,l
2026-02-06 01:28:56,0.20780000,163.56789,b,l
2026-02-06 01:28:56,0.20790000,780.90413,b,l
2026-02-06 01:29:02,0.20800000,927.72000,s,l
2026-02-06 01:30:51,0.20820000,1368.25168,b,m
2026-02-06 01:31:25,0.20830000,927.72000,s,l
2026-02-06 01:31:26,0.20820000,927.72000,s,l
2026-02-06 01:31:27,0.20810000,410.81600,s,l
2026-02-06 01:31:57,0.20840000,516.90400,s,l
2026-02-06 01:32:08,0.20820000,927.72000,s,l
2026-02-06 01:32:08,0.20820000,927.72000,s,l
2026-02-06 01:32:08,0.20820000,480.93750,b,l
2026-02-06 01:32:08,0.20820000,446.78250,b,l
2026-02-06 01:32:42,0.20780000,927.72000,s,l
2026-02-06 01:33:33,0.20820000,480.93750,b,l
2026-02-06 01:33:33,0.20820000,1240.30015,b,l
2026-02-06 01:34:03,0.20870000,556.91880,b,l
2026-02-06 01:34:03,0.20870000,2850.00000,b,l
2026-02-06 01:35:25,0.20860000,59.35903,s,l
2026-02-06 01:35:33,0.20880000,505.00000,b,l
2026-02-06 01:35:35,0.20880000,117.60917,s,l
2026-02-06 01:36:28,0.21020000,903.30550,b,l
2026-02-06 01:40:08,0.21000000,927.72000,s,l
2026-02-06 01:40:08,0.21000000,927.72000,s,l
2026-02-06 01:40:08,0.21000000,903.30550,s,l
2026-02-06 01:42:10,0.20910000,24.41450,s,l
2026-02-06 01:43:04,0.20890000,927.72000,s,l
2026-02-06 01:43:50,0.20970000,453.21426,s,l
2026-02-06 01:43:51,0.20980000,2850.00000,b,l
2026-02-06 01:43:55,0.21020000,963.62578,b,l
2026-02-06 01:43:59,0.21030000,5686.37870,s,l
2026-02-06 01:43:59,0.21020000,656.38839,s,l
2026-02-06 01:43:59,0.21020000,2890.87734,s,l
2026-02-06 01:43:59,0.21020000,331.00000,s,l
2026-02-06 01:43:59,0.21020000,84.00000,s,l
2026-02-06 01:43:59,0.21020000,1194.96869,s,l
2026-02-06 01:43:59,0.20990000,84.00000,s,l
2026-02-06 01:43:59,0.20990000,165.00000,s,l
2026-02-06 01:44:40,0.20970000,400.50814,s,l
2026-02-06 01:45:19,0.20980000,927.78474,b,l
2026-02-06 01:46:37,0.21080000,202.30510,b,l
2026-02-06 01:48:13,0.21180000,337.41730,s,l
2026-02-06 01:48:19,0.21160000,4347.79171,s,l
2026-02-06 01:48:19,0.21160000,278.19845,s,l
2026-02-06 01:48:53,0.21190000,780.90413,s,l
2026-02-06 01:48:56,0.21180000,780.90410,s,l
2026-02-06 01:49:00,0.21150000,163.56789,s,l
2026-02-06 01:49:00,0.21150000,136.65272,s,l
2026-02-06 01:49:00,0.21150000,3175.33628,b,l
2026-02-06 01:49:03,0.21140000,163.56789,s,l
2026-02-06 01:49:09,0.21160000,780.90410,b,l
2026-02-06 01:49:09,0.21160000,780.90413,s,l
2026-02-06 01:49:18,0.21140000,163.56780,s,l
2026-02-06 01:50:28,0.21190000,300.00000,s,m
2026-02-06 01:51:06,0.21150000,225.16351,b,l
2026-02-06 01:51:06,0.21150000,1006.06761,b,l
2026-02-06 01:51:26,0.21150000,8205.16527,b,l
2026-02-06 01:51:26,0.21150000,10060.04485,b,l
2026-02-06 01:51:26,0.21150000,5165.78988,b,l
2026-02-06 01:51:26,0.21150000,784.44601,b,l
2026-02-06 01:51:59,0.21220000,2797.64140,b,l
2026-02-06 01:51:59,0.21220000,8660.73769,b,l
2026-02-06 01:51:59,0.21220000,9611.26306,b,l
2026-02-06 01:52:33,0.21210000,480.93750,b,m
2026-02-06 01:52:33,0.21220000,408.02618,b,m
2026-02-06 01:52:40,0.21200000,590.30270,s,l
2026-02-06 01:55:12,0.21230000,180.93750,b,l
2026-02-06 01:55:12,0.21230000,568.56270,b,l
2026-02-06 01:55:30,0.21250000,614.59018,b,l
2026-02-06 01:55:45,0.21280000,293.71261,b,l
2026-02-06 01:55:45,0.21280000,634.00739,b,l
2026-02-06 01:55:59,0.21280000,927.72000,s,l
2026-02-06 01:56:25,0.21290000,927.72000,s,l
2026-02-06 01:57:00,0.21270000,927.72000,s,l
2026-02-06 01:59:15,0.21300000,908.65500,b,l
2026-02-06 01:59:15,0.21300000,430.25690,b,l
2026-02-06 02:00:10,0.21330000,927.72000,s,l
2026-02-06 02:00:16,0.21330000,411.19190,s,l
2026-02-06 02:00:16,0.21330000,516.52810,s,l
2026-02-06 02:01:21,0.21380000,927.72000,s,l
2026-02-06 02:01:21,0.21380000,191.22049,s,l
2026-02-06 02:01:49,0.21420000,538.26810,b,l
2026-02-06 02:01:49,0.21420000,802.86880,b,l
2026-02-06 02:02:31,0.21390000,927.72000,s,l
2026-02-06 02:02:48,0.21400000,927.72000,s,l
2026-02-06 02:05:09,0.21460000,927.72000,s,l
2026-02-06 02:05:09,0.21460000,9650.32156,s,l
2026-02-06 02:05:09,0.21460000,932.69371,s,l
2026-02-06 02:05:09,0.21460000,4105.46966,s,l
2026-02-06 02:05:44,0.21430000,23610.03573,b,l
2026-02-06 02:06:03,0.21420000,927.72000,s,l
2026-02-06 02:06:04,0.21420000,927.72000,s,l
2026-02-06 02:09:21,0.21430000,124.85120,b,l
2026-02-06 02:09:21,0.21430000,1035.62480,b,l
2026-02-06 02:10:09,0.21390000,252.84266,s,l
2026-02-06 02:10:09,0.21390000,252.84266,s,l
2026-02-06 02:10:09,0.21390000,422.03460,s,l
2026-02-06 02:12:08,0.21280000,262.40410,s,l
2026-02-06 02:15:14,0.21110000,576.53390,s,l
2026-02-06 02:15:14,0.21110000,351.18610,s,l
2026-02-06 02:15:45,0.21070000,717.36011,s,m
2026-02-06 02:16:58,0.21130000,127.30040,b,l
2026-02-06 02:16:58,0.21130000,838.16050,b,l
2026-02-06 02:16:58,0.21130000,449.23352,b,l
2026-02-06 02:17:16,0.21180000,127.30040,s,l
2026-02-06 02:17:16,0.21180000,710.86010,s,l
2026-02-06 02:17:16,0.21180000,89.55950,s,l
2026-02-06 02:17:23,0.21180000,210.35989,s,l
2026-02-06 02:17:54,0.21170000,847.01195,s,l
2026-02-06 02:18:19,0.21110000,80.70800,s,l
2026-02-06 02:20:30,0.20950000,927.72000,s,l
2026-02-06 02:20:30,0.20950000,927.72000,s,l
2026-02-06 02:21:00,0.20930000,103.42750,s,l
2026-02-06 02:21:00,0.20930000,824.29250,s,l
2026-02-06 02:21:08,0.20920000,927.72000,s,l
2026-02-06 02:21:08,0.20920000,183.49382,s,l
2026-02-06 02:21:45,0.20910000,927.72000,s,l
2026-02-06 02:21:45,0.20900000,446.72559,s,l
2026-02-06 02:21:45,0.20900000,195.78250,s,l
2026-02-06 02:22:31,0.20880000,28.73563,s,l
2026-02-06 02:23:21,0.20890000,1623.07000,s,l
2026-02-06 02:23:21,0.20890000,2850.00000,s,l
2026-02-06 02:23:21,0.20890000,6.19936,s,l
2026-02-06 02:23:21,0.20890000,2843.80064,s,l
2026-02-06 02:23:35,0.20860000,2850.00000,s,l
2026-02-06 02:23:45,0.20860000,719.07957,b,m
2026-02-06 02:24:44,0.20850000,480.93750,b,m
2026-02-06 02:24:44,0.20860000,480.93750,b,m
2026-02-06 02:24:44,0.20860000,4205.77882,b,m
2026-02-06 02:24:44,0.20860000,4320.71243,b,m
2026-02-06 02:24:44,0.20860000,1107.61077,b,m
2026-02-06 02:26:04,0.20840000,1385.11159,b,l
2026-02-06 02:27:24,0.20810000,5698.10202,s,l
2026-02-06 02:27:36,0.20800000,28.84615,s,l
2026-02-06 02:27:58,0.20820000,480.93750,b,m
2026-02-06 02:27:58,0.20820000,1920.59948,b,m
2026-02-06 02:28:14,0.20830000,2267.04267,s,l
2026-02-06 02:29:12,0.20890000,261.58391,b,l
2026-02-06 02:29:12,0.20890000,480.93750,b,l
2026-02-06 02:29:12,0.20890000,185.19859,b,l
2026-02-06 02:29:36,0.20860000,927.72000,s,l
2026-02-06 02:29:43,0.20880000,24624.00000,b,m
2026-02-06 02:29:43,0.20880000,5416.34118,b,m
2026-02-06 02:29:43,0.20880000,223.21246,b,m
2026-02-06 02:31:09,0.20960000,28.62595,b,m
2026-02-06 02:31:09,0.20980000,861.96538,b,m
2026-02-06 02:31:13,0.20910000,825.84336,s,l
2026-02-06 02:31:16,0.20900000,927.72000,s,l
2026-02-06 02:31:39,0.20960000,910.97590,b,l
2026-02-06 02:32:08,0.20920000,101.87664,s,l
2026-02-06 02:33:14,0.20940000,765.33808,b,l
2026-02-06 02:33:14,0.20940000,765.33802,b,l
2026-02-06 02:33:42,0.20980000,202.36160,b,l
2026-02-06 02:33:42,0.20990000,927.72000,b,l
2026-02-06 02:33:43,0.21040000,28.51711,b,l
2026-02-06 02:33:44,0.21040000,255.57226,b,l
2026-02-06 02:34:12,0.21040000,895.66757,s,l
2026-02-06 02:35:17,0.20960000,19.11395,s,l
2026-02-06 02:36:46,0.21050000,365.03510,b,l
2026-02-06 02:36:46,0.21050000,177.46930,b,l
2026-02-06 02:38:06,0.21010000,365.03510,s,l
2026-02-06 02:38:06,0.21010000,562.68490,s,l
2026-02-06 02:40:21,0.21010000,861.68987,s,l
2026-02-06 02:40:21,0.21010000,66.03010,s,l
2026-02-06 02:40:36,0.21000000,1030.18048,b,l
2026-02-06 02:40:36,0.21000000,480.93750,b,l
2026-02-06 02:40:36,0.21000000,5050.92937,b,l
2026-02-06 02:40:36,0.21010000,4553.95683,b,l
2026-02-06 02:40:36,0.21010000,41.30555,b,l
2026-02-06 02:40:36,0.21010000,6502.20204,b,l
2026-02-06 02:40:36,0.21010000,3930.81994,b,l
2026-02-06 02:40:36,0.21030000,480.93750,s,l
2026-02-06 02:40:36,0.21020000,475.45210,s,l
2026-02-06 02:40:41,0.21030000,140.17668,b,l
2026-02-06 02:40:41,0.21030000,4572.37002,b,l
2026-02-06 02:40:41,0.21040000,480.93750,b,l
2026-02-06 02:40:41,0.21040000,4072.86806,b,l
2026-02-06 02:44:33,0.21060000,927.72000,s,l
2026-02-06 02:48:02,0.20880000,28.51711,s,l
2026-02-06 02:48:28,0.20860000,913.35987,b,l
2026-02-06 02:48:44,0.20880000,1726.86825,b,l
2026-02-06 02:50:23,0.20970000,262.29142,b,l
2026-02-06 02:50:23,0.20970000,480.93750,b,l
2026-02-06 02:50:23,0.20970000,487.77108,b,l
2026-02-06 02:51:25,0.20960000,927.72000,s,l
2026-02-06 02:51:26,0.20950000,927.72000,s,l
2026-02-06 02:51:26,0.20940000,1855.44000,s,l
2026-02-06 02:51:30,0.20920000,927.72000,s,l
2026-02-06 02:54:22,0.20800000,28.62595,s,l
2026-02-06 02:54:24,0.20780000,860.85141,b,l
2026-02-06 02:54:29,0.20780000,5727.33968,b,l
2026-02-06 02:54:29,0.20780000,816.51804,b,l
2026-02-06 02:54:34,0.20810000,904.96509,b,l
2026-02-06 02:56:01,0.20820000,927.72000,s,l
2026-02-06 02:57:09,0.20780000,316.14712,b,l
2026-02-06 02:57:09,0.20780000,222.85783,b,l
2026-02-06 02:58:14,0.20810000,927.72000,s,l
2026-02-06 02:58:50,0.20770000,301.46104,s,l
2026-02-06 02:58:50,0.20770000,480.93750,s,l
2026-02-06 02:59:25,0.20810000,4805.38203,b,m
2026-02-06 03:00:13,0.20830000,1153.00292,b,l
2026-02-06 03:00:13,0.20840000,821.70780,b,l
2026-02-06 03:00:13,0.20840000,2850.00000,b,l
2026-02-06 03:00:13,0.20840000,415.63840,b,l
2026-02-06 03:00:13,0.20850000,304.70958,b,l
2026-02-06 03:00:13,0.20850000,1443.58832,b,l
2026-02-06 03:00:13,0.20850000,4462.65380,b,l
2026-02-06 03:00:14,0.20870000,480.93750,s,l
2026-02-06 03:00:14,0.20860000,480.93750,s,l
2026-02-06 03:00:14,0.20860000,9666.50556,s,l
2026-02-06 03:00:25,0.20840000,480.93750,s,l
2026-02-06 03:00:25,0.20840000,9936.74622,s,l
2026-02-06 03:00:43,0.20880000,927.72000,s,l
2026-02-06 03:01:20,0.20960000,28.62595,b,l
2026-02-06 03:01:20,0.20980000,131.32105,b,l
2026-02-06 03:01:25,0.20950000,1064.58352,s,l
2026-02-06 03:03:12,0.21040000,28.51711,b,l
2026-02-06 03:03:12,0.21040000,911.97819,b,l
2026-02-06 03:03:53,0.21110000,927.72000,s,l
2026-02-06 03:04:06,0.21110000,2850.00000,b,l
2026-02-06 03:04:06,0.21110000,8550.00000,b,l
2026-02-06 03:04:06,0.21120000,914.13480,b,l
2026-02-06 03:04:06,0.21120000,2850.00000,b,l
2026-02-06 03:04:06,0.21120000,158.00000,b,l
2026-02-06 03:04:06,0.21120000,1532.59498,b,l
2026-02-06 03:04:06,0.21130000,1159.40510,b,l
2026-02-06 03:04:06,0.21130000,927.72000,b,l
2026-02-06 03:04:06,0.21130000,2276.09208,b,l
2026-02-06 03:04:22,0.21110000,199.78660,s,l
2026-02-06 03:04:22,0.21110000,727.93340,s,l
2026-02-06 03:04:24,0.21090000,890.59133,s,m
2026-02-06 03:04:58,0.21070000,237.16570,s,l
2026-02-06 03:06:01,0.21110000,1248.79094,b,l
2026-02-06 03:07:36,0.21030000,963.62578,s,l
2026-02-06 03:08:00,0.21020000,963.62578,s,l
2026-02-06 03:08:02,0.21010000,927.72000,s,l
2026-02-06 03:08:02,0.21000000,927.72000,s,l
2026-02-06 03:08:02,0.20990000,35.90578,s,l
2026-02-06 03:08:04,0.20980000,231.00745,s,l
2026-02-06 03:08:04,0.20980000,732.61833,s,l
2026-02-06 03:08:07,0.20980000,168.22225,s,l
2026-02-06 03:08:07,0.20980000,795.40353,s,l
2026-02-06 03:08:09,0.20970000,963.62578,s,l
2026-02-06 03:08:09,0.20970000,799.18090,s,l
2026-02-06 03:08:09,0.20970000,231.77256,s,l
2026-02-06 03:08:17,0.20960000,780.90413,b,l
2026-02-06 03:08:17,0.20960000,1524.97737,b,l
2026-02-06 03:08:25,0.21030000,1250.48145,b,l
2026-02-06 03:08:26,0.21040000,1250.48145,b,l
2026-02-06 03:08:26,0.21040000,111.09046,s,l
2026-02-06 03:09:19,0.21010000,927.72000,s,l
2026-02-06 03:09:24,0.21010000,803.34359,s,l
2026-02-06 03:09:41,0.20980000,292.99721,s,l
2026-02-06 03:09:43,0.20960000,4723.38296,s,l
2026-02-06 03:09:43,0.20960000,826.34817,s,l
2026-02-06 03:09:43,0.20960000,263.43153,s,l
2026-02-06 03:10:35,0.20900000,175.52949,s,l
2026-02-06 03:10:49,0.20880000,28.51711,s,l
2026-02-06 03:10:49,0.20880000,264.23679,s,l
2026-02-06 03:11:10,0.20890000,946.79663,s,l
2026-02-06 03:11:10,0.20880000,5510.05777,s,l
2026-02-06 03:11:25,0.20880000,2850.00000,s,l
2026-02-06 03:11:25,0.20880000,2148.94309,s,l
2026-02-06 03:11:25,0.20880000,701.05691,s,l
2026-02-06 03:11:25,0.20880000,2618.22750,s,l
2026-02-06 03:11:25,0.20880000,963.62578,s,l
2026-02-06 03:11:25,0.20880000,920.75437,s,l
2026-02-06 03:13:06,0.20850000,9.11200,s,l
2026-02-06 03:14:19,0.20890000,2312.55000,b,l
2026-02-06 03:17:24,0.20890000,1929.24570,s,l
2026-02-06 03:17:24,0.20890000,1139.66600,s,l
2026-02-06 03:17:24,0.20890000,770.37007,s,l
2026-02-06 03:17:24,0.20890000,2079.62993,s,l
2026-02-06 03:17:24,0.20890000,2662.74107,s,l
2026-02-06 03:17:47,0.20930000,1114.26100,b,l
2026-02-06 03:18:40,0.20910000,927.72000,s,l
2026-02-06 03:22:13,0.20970000,800.31556,s,l
2026-02-06 03:22:27,0.20970000,841.80918,s,l
2026-02-06 03:22:27,0.20970000,963.62578,s,l
2026-02-06 03:23:39,0.20970000,698.34171,s,l
2026-02-06 03:23:50,0.21020000,1080.68360,b,l
2026-02-06 03:24:13,0.20990000,732.14105,s,l
2026-02-06 03:24:13,0.20990000,373.80000,s,l
2026-02-06 03:24:13,0.20990000,243.82890,s,l
2026-02-06 03:24:13,0.20990000,2850.00000,s,l
2026-02-06 03:25:10,0.20990000,965.81130,s,l
2026-02-06 03:25:10,0.20980000,410.79680,s,l
2026-02-06 03:25:10,0.20970000,669.88680,s,l
2026-02-06 03:25:30,0.20930000,283.35077,s,l
2026-02-06 03:27:55,0.21040000,28.51711,b,l
2026-02-06 03:28:40,0.21090000,9666.50556,b,l
2026-02-06 03:28:40,0.21090000,14285.84087,b,l
2026-02-06 03:29:43,0.21130000,927.72000,s,l
2026-02-06 03:29:43,0.21130000,35.90578,s,l
2026-02-06 03:29:43,0.21130000,891.81420,s,l
2026-02-06 03:29:43,0.21130000,480.93750,b,l
2026-02-06 03:29:47,0.21130000,446.78250,s,l
2026-02-06 03:31:08,0.21200000,134.83344,s,l
2026-02-06 03:32:08,0.21220000,927.72000,s,l
2026-02-06 03:32:22,0.21220000,2548.23690,b,l
2026-02-06 03:32:22,0.21220000,2389.53900,b,l
2026-02-06 03:33:21,0.21180000,205.56420,s,l
2026-02-06 03:35:14,0.21130000,74.93400,s,l
2026-02-06 03:39:07,0.21080000,780.90413,b,l
2026-02-06 03:39:24,0.21090000,963.62578,s,l
2026-02-06 03:40:34,0.21060000,963.62578,s,l
2026-02-06 03:44:32,0.21070000,1167.20250,b,l
2026-02-06 03:47:05,0.21020000,927.72000,s,l
2026-02-06 03:47:50,0.20980000,9871.13931,b,l
2026-02-06 03:50:53,0.21050000,536.66567,s,l
2026-02-06 03:50:53,0.21040000,927.72000,s,l
2026-02-06 03:50:53,0.21040000,35.90578,s,l
2026-02-06 03:50:53,0.21040000,195.86131,s,l
2026-02-06 03:50:53,0.21040000,489.86829,s,l
2026-02-06 03:57:40,0.21120000,9696.19060,b,l
2026-02-06 03:57:40,0.21120000,231.26500,b,l
2026-02-06 03:57:40,0.21130000,480.93750,b,l
2026-02-06 03:57:41,0.21150000,471.99175,b,l
2026-02-06 03:57:41,0.21160000,12579.37007,b,l
2026-02-06 03:57:41,0.21150000,139.61300,s,l
2026-02-06 03:58:14,0.21110000,266.42750,s,l
2026-02-06 03:58:18,0.21110000,430.02750,s,l
2026-02-06 03:58:18,0.21110000,231.26500,s,l
2026-02-06 03:59:45,0.21140000,370.93300,b,l
2026-02-06 04:01:02,0.21090000,202.69055,s,l
2026-02-06 04:01:02,0.21090000,407.82564,s,l
2026-02-06 04:01:02,0.21080000,6516.99097,s,l
2026-02-06 04:01:18,0.21040000,2419.97250,s,l
2026-02-06 04:01:40,0.21070000,2382.77805,s,l
2026-02-06 04:01:40,0.21070000,2382.77805,s,l
2026-02-06 04:01:40,0.21070000,2382.77805,s,l
2026-02-06 04:01:42,0.21080000,1436.50169,b,l
2026-02-06 04:01:44,0.21080000,776.26641,b,l
2026-02-06 04:01:48,0.21090000,9305.48886,b,l
2026-02-06 04:01:48,0.21090000,5654.33260,b,l
2026-02-06 04:01:48,0.21090000,1732.17854,b,l
2026-02-06 04:02:52,0.21060000,591.64932,s,l
2026-02-06 04:04:24,0.21070000,63.23919,b,l
2026-02-06 04:04:24,0.21080000,3250.23798,b,l
2026-02-06 04:04:24,0.21080000,63.21068,b,l
2026-02-06 04:05:08,0.21060000,1005.05719,b,l
2026-02-06 04:05:17,0.21060000,3798.00000,s,l
2026-02-06 04:05:17,0.21060000,19931.86405,s,l
2026-02-06 04:05:17,0.21050000,444.15143,s,l
2026-02-06 04:05:17,0.21050000,444.15143,s,l
2026-02-06 04:05:17,0.21050000,444.15143,s,l
2026-02-06 04:05:17,0.21050000,3592.99205,s,l
2026-02-06 04:05:17,0.21050000,5337.46138,s,l
2026-02-06 04:05:17,0.21040000,403.13188,s,l
2026-02-06 04:05:17,0.21040000,2504.76952,s,l
2026-02-06 04:05:17,0.21040000,2009.62440,s,l
2026-02-06 04:05:17,0.21040000,2850.00000,s,l
2026-02-06 04:05:17,0.21040000,2850.00000,s,l
2026-02-06 04:05:17,0.21040000,2850.00000,s,l
2026-02-06 04:05:17,0.21040000,380.45340,s,l
2026-02-06 04:05:17,0.21040000,621.49196,s,l
2026-02-06 04:05:17,0.21030000,2104.63790,s,l
2026-02-06 04:05:17,0.21020000,236.39679,s,l
2026-02-06 04:05:17,0.21020000,2357.02001,s,l
2026-02-06 04:05:17,0.21020000,4000.00000,s,l
2026-02-06 04:05:17,0.21020000,1307.29999,s,l
2026-02-06 04:05:17,0.21010000,927.72000,s,l
2026-02-06 04:05:17,0.21010000,1007.68020,s,l
2026-02-06 04:05:17,0.21010000,2850.00000,s,l
2026-02-06 04:05:17,0.21010000,2850.00000,s,l
2026-02-06 04:05:17,0.21010000,2457.29990,s,l
2026-02-06 04:05:17,0.21010000,22791.00000,s,l
2026-02-06 04:05:17,0.21010000,1577.00000,s,l
2026-02-06 04:05:17,0.20980000,238.00000,s,l
2026-02-06 04:05:17,0.21010000,92.39942,b,l
2026-02-06 04:05:36,0.21020000,444.15143,s,l
2026-02-06 04:05:46,0.21030000,444.15143,s,l
2026-02-06 04:05:46,0.21030000,444.15143,s,l
2026-02-06 04:05:47,0.21030000,444.15143,s,l
2026-02-06 04:05:47,0.21030000,444.15143,s,l
2026-02-06 04:05:47,0.21030000,444.15143,s,l
2026-02-06 04:05:47,0.21030000,23862.00829,s,l
2026-02-06 04:05:48,0.21020000,444.15143,s,l
2026-02-06 04:05:48,0.21020000,444.15143,s,l
2026-02-06 04:05:48,0.21020000,444.15143,s,l
2026-02-06 04:05:48,0.21020000,34294.17359,s,l
2026-02-06 04:05:48,0.21020000,444.15143,s,l
2026-02-06 04:06:27,0.21080000,780.90413,b,l
2026-02-06 04:06:27,0.21080000,9666.50556,b,l
2026-02-06 04:08:24,0.21020000,145.60060,s,l
2026-02-06 04:08:24,0.21020000,782.11940,s,l
2026-02-06 04:13:14,0.21050000,336.00000,s,m
2026-02-06 04:14:11,0.21120000,927.72000,b,l
2026-02-06 04:14:19,0.21110000,927.72000,s,l
2026-02-06 04:15:08,0.21120000,2850.00000,b,l
2026-02-06 04:15:08,0.21120000,2850.00000,b,l
2026-02-06 04:15:08,0.21120000,2850.00000,b,l
2026-02-06 04:15:09,0.21110000,370.93400,s,l
2026-02-06 04:15:12,0.21130000,23664.21124,b,l
2026-02-06 04:17:59,0.21150000,780.90410,b,l
2026-02-06 04:19:19,0.21170000,9666.50556,s,l
2026-02-06 04:21:04,0.21090000,271.33159,s,l
2026-02-06 04:21:47,0.21130000,848.13700,b,l
2026-02-06 04:23:15,0.21150000,625.12454,s,l
2026-02-06 04:27:34,0.21360000,671.59710,s,l
2026-02-06 04:27:34,0.21360000,256.12290,s,l
2026-02-06 04:28:08,0.21350000,35.33690,s,l
2026-02-06 04:28:08,0.21350000,267.25856,s,l
2026-02-06 04:28:08,0.21350000,86.29785,s,l
2026-02-06 04:28:08,0.21350000,353.55641,s,l
2026-02-06 04:33:10,0.21270000,9666.50556,b,l
2026-02-06 04:33:18,0.21280000,487.86574,s,l
2026-02-06 04:35:46,0.21170000,288.82663,s,l
2026-02-06 04:35:46,0.21170000,294.44072,s,l
2026-02-06 04:35:46,0.21170000,963.62578,s,l
2026-02-06 04:35:46,0.21170000,2850.00000,s,l
2026-02-06 04:35:46,0.21170000,299.57099,s,l
2026-02-06 04:36:04,0.21160000,480.93750,s,m
2026-02-06 04:36:04,0.21150000,480.93750,s,m
2026-02-06 04:36:04,0.21150000,406.37668,s,m
2026-02-06 04:36:14,0.21130000,480.93750,s,m
2026-02-06 04:36:14,0.21130000,176.83719,s,m
2026-02-06 04:36:14,0.21130000,1118.51925,s,m
2026-02-06 04:36:30,0.21160000,719.07957,s,m
2026-02-06 04:36:30,0.21180000,473.26076,b,m
2026-02-06 04:36:52,0.21200000,480.93750,b,m
2026-02-06 04:36:52,0.21200000,388.83324,b,m
2026-02-06 04:45:41,0.21210000,927.72000,s,l
2026-02-06 04:46:43,0.21230000,1629.70809,b,l
2026-02-06 04:48:39,0.21240000,480.93740,s,l
2026-02-06 04:48:39,0.21240000,4111.28263,s,l
2026-02-06 04:48:39,0.21240000,2428.91339,s,l
2026-02-06 04:49:12,0.21280000,330.57333,s,l
2026-02-06 04:51:57,0.21280000,2193.91750,b,l
2026-02-06 04:54:40,0.21280000,790.54160,b,l
2026-02-06 04:54:40,0.21290000,62.60100,b,l
2026-02-06 04:58:56,0.21280000,239.14220,s,l
2026-02-06 05:00:27,0.21270000,825.72150,b,l
2026-02-06 05:01:44,0.21320000,498.74990,b,l
2026-02-06 05:03:20,0.21360000,2850.00000,b,l
2026-02-06 05:03:20,0.21360000,1617.43380,b,l
2026-02-06 05:03:20,0.21380000,927.72000,b,l
2026-02-06 05:03:35,0.21340000,869.77074,s,m
2026-02-06 05:04:11,0.21380000,877.65842,s,l
2026-02-06 05:04:11,0.21380000,50.06158,s,l
2026-02-06 05:04:25,0.21380000,1245.55893,b,l
2026-02-06 05:05:59,0.21450000,1011.07080,b,l
2026-02-06 05:06:21,0.21480000,927.72000,s,l
2026-02-06 05:06:21,0.21480000,197.87225,s,l
2026-02-06 05:06:21,0.21480000,729.84775,s,l
2026-02-06 05:08:00,0.21540000,461.89420,s,l
2026-02-06 05:08:00,0.21540000,349.61630,s,l
2026-02-06 05:08:03,0.21520000,116.20950,s,l
2026-02-06 05:08:14,0.21520000,480.93750,b,l
2026-02-06 05:08:14,0.21520000,18369.15540,s,l
2026-02-06 05:08:24,0.21490000,927.72000,s,l
2026-02-06 05:08:24,0.21460000,1497.03652,s,l
2026-02-06 05:08:55,0.21440000,867.24762,s,l
2026-02-06 05:09:07,0.21400000,867.24762,s,l
2026-02-06 05:09:07,0.21400000,867.24762,s,l
2026-02-06 05:09:07,0.21400000,867.24762,s,l
2026-02-06 05:09:07,0.21400000,867.24762,s,l
2026-02-06 05:09:07,0.21400000,867.24762,s,l
2026-02-06 05:09:07,0.21400000,867.24762,s,l
2026-02-06 05:09:07,0.21400000,867.24762,s,l
2026-02-06 05:09:07,0.21400000,867.24762,s,l
2026-02-06 05:09:07,0.21400000,867.24762,s,l
2026-02-06 05:09:33,0.21420000,83.35080,s,l
2026-02-06 05:09:33,0.21420000,844.36920,s,l
2026-02-06 05:09:34,0.21400000,927.72000,s,l
2026-02-06 05:09:34,0.21400000,927.72000,s,l
2026-02-06 05:09:41,0.21400000,119.81751,b,l
2026-02-06 05:11:23,0.21420000,2850.00000,b,l
2026-02-06 05:11:23,0.21420000,2850.00000,b,l
2026-02-06 05:11:23,0.21420000,18227.28220,b,l
2026-02-06 05:11:23,0.21420000,2850.00000,b,l
2026-02-06 05:11:23,0.21420000,1169.71780,b,l
2026-02-06 05:11:23,0.21420000,1680.28220,b,l
2026-02-06 05:11:23,0.21420000,2262.49355,b,l
2026-02-06 05:11:47,0.21440000,480.93750,b,l
2026-02-06 05:11:47,0.21440000,384.18146,b,l
2026-02-06 05:11:55,0.21480000,2574.96537,b,l
2026-02-06 05:14:28,0.21570000,63.40800,b,l
2026-02-06 05:16:04,0.21510000,927.72000,s,l
2026-02-06 05:16:04,0.21510000,927.72000,s,l
2026-02-06 05:18:01,0.21480000,1112.73502,b,l
2026-02-06 05:18:33,0.21480000,5.05800,b,l
2026-02-06 05:18:40,0.21480000,907.38472,b,l
2026-02-06 05:18:40,0.21480000,1246.95907,b,l
2026-02-06 05:18:41,0.21490000,780.90413,b,l
2026-02-06 05:18:41,0.21500000,213.10675,b,l
2026-02-06 05:18:41,0.21500000,78.48714,b,l
2026-02-06 05:19:27,0.21570000,87.55700,b,l
2026-02-06 05:20:14,0.21530000,927.72000,s,l
2026-02-06 05:22:16,0.21530000,66.84000,s,l
2026-02-06 05:22:16,0.21530000,860.88000,s,l
2026-02-06 05:25:29,0.21570000,74.60200,b,l
2026-02-06 05:27:40,0.21500000,1066.42190,b,l
2026-02-06 05:27:42,0.21510000,860.88000,b,l
2026-02-06 05:27:42,0.21510000,117.98490,b,l
2026-02-06 05:28:46,0.21570000,270.01047,b,l
2026-02-06 05:28:46,0.21580000,3219.04217,b,l
2026-02-06 05:28:47,0.21600000,480.93750,b,l
2026-02-06 05:28:47,0.21600000,446.78250,b,l
2026-02-06 05:28:47,0.21600000,927.72000,b,l
2026-02-06 05:28:47,0.21600000,3701.63697,s,l
2026-02-06 05:28:50,0.21600000,480.93750,b,l
2026-02-06 05:28:50,0.21600000,446.78250,b,l
2026-02-06 05:28:50,0.21600000,927.72000,b,l
2026-02-06 05:29:39,0.21590000,1671.07087,s,l
2026-02-06 05:30:30,0.21610000,64.79200,b,l
2026-02-06 05:31:03,0.21630000,1341.26239,b,l
2026-02-06 05:31:03,0.21630000,658.73761,b,l
2026-02-06 05:31:03,0.21630000,682.52478,b,l
2026-02-06 05:31:03,0.21640000,264.13594,b,l
2026-02-06 05:31:15,0.21660000,927.72000,s,l
2026-02-06 05:31:26,0.21640000,17.77487,s,l
2026-02-06 05:33:28,0.21730000,182.00000,b,l
2026-02-06 05:33:31,0.21740000,95.19277,s,m
2026-02-06 05:34:09,0.21720000,299.98490,s,l
2026-02-06 05:34:10,0.21720000,627.73510,s,l
2026-02-06 05:34:12,0.21710000,909.94510,s,l
2026-02-06 05:34:32,0.21720000,92.12345,b,m
2026-02-06 05:35:41,0.21740000,1400.00000,b,m
2026-02-06 05:37:31,0.21740000,87.12790,s,l
2026-02-06 05:40:24,0.21720000,46.04051,s,l
2026-02-06 05:41:42,0.21770000,480.93750,s,l
2026-02-06 05:41:42,0.21770000,2273.33909,s,l
2026-02-06 05:41:42,0.21760000,2215.73825,s,l
2026-02-06 05:43:46,0.21780000,48.17500,b,l
2026-02-06 05:43:48,0.21750000,480.93750,s,l
2026-02-06 05:43:48,0.21750000,109.97102,s,l
2026-02-06 05:44:30,0.21780000,3264.86606,b,l
2026-02-06 05:45:30,0.21790000,473.26076,s,m
2026-02-06 05:45:30,0.21820000,459.13682,b,m
2026-02-06 05:51:36,0.21850000,2850.00000,b,l
2026-02-06 05:51:36,0.21850000,1624.80810,b,l
2026-02-06 05:51:36,0.21850000,278.29008,b,l
2026-02-06 05:51:36,0.21850000,245.63872,b,l
2026-02-06 05:51:36,0.21850000,2850.00000,b,l
2026-02-06 05:51:36,0.21850000,122.77700,b,l
2026-02-06 05:51:36,0.21850000,2171.69810,b,l
2026-02-06 05:51:58,0.21960000,92.12340,b,l
2026-02-06 05:51:58,0.21960000,678.30190,b,l
2026-02-06 05:51:58,0.21960000,927.72000,b,l
2026-02-06 05:51:58,0.21960000,9944.77519,b,l
2026-02-06 05:51:58,0.21960000,2850.00000,b,l
2026-02-06 05:51:58,0.21960000,2850.00000,b,l
2026-02-06 05:51:58,0.21960000,1185.01655,b,l
2026-02-06 05:52:31,0.21920000,480.93750,b,l
2026-02-06 05:52:31,0.21920000,446.78250,s,l
2026-02-06 05:52:33,0.21890000,87.12790,s,m
2026-02-06 05:53:07,0.21920000,464.42070,b,l
2026-02-06 05:53:07,0.21920000,480.93750,b,l
2026-02-06 05:53:08,0.21920000,174.43644,b,l
2026-02-06 05:53:08,0.21920000,1119.79456,b,l
2026-02-06 05:53:21,0.21950000,2091.14723,s,l
2026-02-06 05:54:14,0.21960000,480.93750,s,l
2026-02-06 05:54:16,0.21970000,220.31900,b,l
2026-02-06 05:54:38,0.21950000,380.99800,s,l
2026-02-06 05:55:04,0.21920000,927.72000,s,l
2026-02-06 05:55:04,0.21910000,927.72000,s,l
2026-02-06 05:59:00,0.21840000,65.27416,s,l
2026-02-06 05:59:48,0.21870000,719.32620,b,m
2026-02-06 06:00:42,0.21880000,2850.00000,b,l
2026-02-06 06:00:42,0.21880000,414.86606,b,l
2026-02-06 06:00:42,0.21890000,408.50257,b,l
2026-02-06 06:00:42,0.21890000,26620.00000,b,l
2026-02-06 06:00:42,0.21890000,4038.64281,b,l
2026-02-06 06:04:49,0.21900000,380.99800,s,l
2026-02-06 06:04:49,0.21900000,546.72200,s,l
2026-02-06 06:08:04,0.21900000,927.72000,s,l
2026-02-06 06:08:26,0.21890000,927.72000,s,l
2026-02-06 06:10:30,0.21870000,1246.85824,b,l
2026-02-06 06:11:45,0.21820000,193.26220,s,l
2026-02-06 06:12:34,0.21790000,480.93750,s,l
2026-02-06 06:12:50,0.21790000,1022.42376,b,l
2026-02-06 06:12:53,0.21800000,1022.42376,b,l
2026-02-06 06:14:27,0.21820000,927.72000,s,l
2026-02-06 06:15:00,0.21800000,927.72000,s,l
2026-02-06 06:15:45,0.21800000,1155.32001,s,l
2026-02-06 06:16:03,0.21790000,903.06985,b,l
2026-02-06 06:16:03,0.21790000,44.29255,b,l
2026-02-06 06:16:37,0.21770000,480.93750,s,l
2026-02-06 06:16:37,0.21770000,284.33669,s,l
2026-02-06 06:16:37,0.21770000,283.35861,s,l
2026-02-06 06:16:37,0.21770000,4948.51286,s,l
2026-02-06 06:16:37,0.21770000,5302.39526,s,l
2026-02-06 06:19:56,0.21720000,927.72000,s,l
2026-02-06 06:26:00,0.21660000,480.93750,s,l
2026-02-06 06:26:00,0.21660000,2655.99229,s,l
2026-02-06 06:26:00,0.21660000,1154.18840,s,l
2026-02-06 06:28:01,0.21680000,5419.00894,b,l
2026-02-06 06:28:45,0.21670000,480.93750,s,l
2026-02-06 06:28:45,0.21660000,148.52585,s,l
2026-02-06 06:28:45,0.21660000,148.52585,s,l
2026-02-06 06:29:28,0.21670000,23789.00000,s,l
2026-02-06 06:30:40,0.21660000,480.93750,s,l
2026-02-06 06:31:22,0.21690000,4196.47721,s,l
2026-02-06 06:36:21,0.21610000,3071.33694,s,l
2026-02-06 06:36:27,0.21600000,1412.20000,b,l
2026-02-06 06:39:11,0.21570000,38.91262,s,l
2026-02-06 06:40:48,0.21570000,815.45570,s,l
2026-02-06 06:42:00,0.21610000,2850.00000,b,l
2026-02-06 06:42:08,0.21620000,860.06077,s,l
2026-02-06 06:42:21,0.21610000,819.20788,s,l
2026-02-06 06:42:22,0.21610000,108.51210,s,l
2026-02-06 06:42:30,0.21600000,927.44070,s,l
2026-02-06 06:42:51,0.21600000,0.27930,s,l
2026-02-06 06:42:51,0.21580000,561.30199,s,l
2026-02-06 06:42:51,0.21580000,561.58129,s,l
2026-02-06 06:44:11,0.21570000,4113.59130,s,l
2026-02-06 06:44:21,0.21550000,61.78764,s,l
2026-02-06 06:44:21,0.21550000,2788.21236,s,l
2026-02-06 06:44:21,0.21550000,1481.72510,s,l
2026-02-06 06:44:21,0.21550000,3099.72888,s,l
2026-02-06 06:44:21,0.21550000,780.90413,s,l
2026-02-06 06:44:21,0.21540000,166.92709,s,l
2026-02-06 06:44:21,0.21540000,4417.72809,s,l
2026-02-06 06:44:21,0.21540000,425.85812,s,l
2026-02-06 06:44:21,0.21530000,2850.00000,s,l
2026-02-06 06:44:21,0.21530000,2562.59140,s,l
2026-02-06 06:44:21,0.21530000,1494.91680,s,l
2026-02-06 06:44:21,0.21530000,2850.00000,s,l
2026-02-06 06:44:21,0.21530000,8875.08320,s,l
2026-02-06 06:44:21,0.21530000,2284.71780,s,l
2026-02-06 06:44:21,0.21530000,212.08490,s,l
2026-02-06 06:44:21,0.21530000,635.43191,s,l
2026-02-06 06:44:21,0.21530000,2850.00000,s,l
2026-02-06 06:44:21,0.21530000,2850.00000,s,l
2026-02-06 06:44:21,0.21530000,740.65793,s,l
2026-02-06 06:44:22,0.21510000,297.97580,s,l
2026-02-06 06:44:27,0.21440000,480.93750,s,l
2026-02-06 06:44:27,0.21440000,590.48660,b,l
2026-02-06 06:44:30,0.21440000,203.31622,s,m
2026-02-06 06:44:30,0.21440000,255.82060,s,m
2026-02-06 06:44:32,0.21460000,1071.42410,b,l
2026-02-06 06:45:31,0.21550000,614.42530,s,l
2026-02-06 06:45:31,0.21550000,166.47883,s,l
2026-02-06 06:46:09,0.21510000,927.72000,s,l
2026-02-06 06:46:10,0.21500000,410.32416,s,l
2026-02-06 06:46:25,0.21490000,927.72000,s,l
2026-02-06 06:46:25,0.21490000,301.37141,s,l
2026-02-06 06:46:48,0.21450000,780.90413,s,l
2026-02-06 06:46:48,0.21450000,480.93750,s,l
2026-02-06 06:46:48,0.21450000,5278.61117,s,l
2026-02-06 06:46:48,0.21450000,3288.89098,s,l
2026-02-06 06:47:28,0.21540000,896.71022,b,l
2026-02-06 06:47:30,0.21560000,466.20046,b,m
2026-02-06 06:47:56,0.21520000,927.72000,s,l
2026-02-06 06:47:56,0.21520000,164.72780,s,l
2026-02-06 06:47:56,0.21520000,352.66800,s,l
2026-02-06 06:47:56,0.21520000,927.72000,s,l
2026-02-06 06:47:56,0.21520000,69.65660,s,l
2026-02-06 06:47:56,0.21520000,480.93750,s,l
2026-02-06 06:47:56,0.21520000,377.12590,s,l
2026-02-06 06:49:44,0.21460000,874.23230,b,l
2026-02-06 06:51:28,0.21510000,1207.07400,b,l
2026-02-06 06:53:54,0.21440000,3729.82669,s,l
2026-02-06 06:55:07,0.21440000,927.72000,s,l
2026-02-06 06:55:12,0.21420000,821.65656,s,l
2026-02-06 06:59:10,0.21430000,780.90413,s,l
2026-02-06 06:59:10,0.21430000,411.58197,s,l
2026-02-06 06:59:10,0.21430000,3611.75163,s,l
2026-02-06 06:59:10,0.21430000,446.64318,s,l
2026-02-06 06:59:10,0.21430000,2150.05800,s,l
2026-02-06 06:59:10,0.21430000,2790.71460,s,l
2026-02-06 06:59:11,0.21400000,59.28540,s,l
2026-02-06 06:59:11,0.21400000,250.37710,s,l
2026-02-06 07:01:24,0.21370000,480.93750,s,l
2026-02-06 07:01:24,0.21360000,163.56789,s,l
2026-02-06 07:01:24,0.21360000,243.58917,s,l
2026-02-06 07:01:24,0.21360000,4420.42592,s,l
2026-02-06 07:01:24,0.21360000,469.25262,s,l
2026-02-06 07:01:24,0.21360000,780.90413,s,l
2026-02-06 07:01:42,0.21360000,92.12345,s,m
2026-02-06 07:02:42,0.21370000,93.63296,b,m
2026-02-06 07:04:18,0.21380000,387.30460,s,l
2026-02-06 07:04:18,0.21380000,393.59953,s,l
2026-02-06 07:04:18,0.21370000,151.23141,s,l
2026-02-06 07:04:47,0.21320000,480.93750,s,l
2026-02-06 07:07:25,0.21340000,780.90413,s,l
2026-02-06 07:07:25,0.21340000,8212.00000,s,l
2026-02-06 07:07:25,0.21340000,929.23469,s,l
2026-02-06 07:07:25,0.21340000,1212.51135,s,l
2026-02-06 07:07:48,0.21300000,106.06340,s,l
2026-02-06 07:08:05,0.21270000,28.20870,s,l
2026-02-06 07:08:34,0.21220000,480.93750,s,l
2026-02-06 07:08:34,0.21220000,3285.06250,s,l
2026-02-06 07:09:01,0.21200000,11716.13094,s,l
2026-02-06 07:09:01,0.21200000,20768.71273,s,l
2026-02-06 07:09:02,0.21190000,719.32620,s,m
2026-02-06 07:09:30,0.21220000,466.20046,s,m
2026-02-06 07:11:57,0.21240000,927.72000,s,l
2026-02-06 07:11:57,0.21240000,927.72000,s,l
2026-02-06 07:12:04,0.21250000,2110.18030,b,l
2026-02-06 07:12:06,0.21240000,927.72000,s,l
2026-02-06 07:15:03,0.21290000,927.72000,s,l
2026-02-06 07:16:07,0.21250000,795.77851,b,l
2026-02-06 07:16:15,0.21250000,440.29830,s,l
2026-02-06 07:16:15,0.21250000,340.60583,s,l
2026-02-06 07:17:04,0.21220000,927.72000,s,l
2026-02-06 07:18:30,0.21240000,471.25353,b,m
2026-02-06 07:19:05,0.21210000,11114.50402,b,l
2026-02-06 07:19:25,0.21210000,9432.00000,b,l
2026-02-06 07:20:27,0.21320000,13983.00000,b,l
2026-02-06 07:20:30,0.21300000,780.90410,s,l
2026-02-06 07:22:00,0.21320000,780.90413,s,l
2026-02-06 07:22:00,0.21320000,4420.61508,s,l
2026-02-06 07:22:00,0.21320000,4420.61508,s,l
2026-02-06 07:22:00,0.21320000,1222.00000,s,l
2026-02-06 07:22:00,0.21310000,1185.01857,s,l
2026-02-06 07:22:00,0.21310000,430.26064,s,l
2026-02-06 07:22:00,0.21310000,1234.72079,s,l
2026-02-06 07:22:00,0.21310000,2850.00000,s,l
2026-02-06 07:22:00,0.21310000,1478.11300,s,l
2026-02-06 07:22:00,0.21310000,2850.00000,s,l
2026-02-06 07:22:00,0.21310000,2012.22673,s,l
2026-02-06 07:22:00,0.21310000,837.77327,s,l
2026-02-06 07:22:00,0.21310000,580.77000,s,l
2026-02-06 07:22:00,0.21310000,60.45673,s,l
2026-02-06 07:22:01,0.21300000,927.72000,s,l
2026-02-06 07:22:03,0.21270000,5099.40660,b,l
2026-02-06 07:22:03,0.21270000,2850.00000,b,l
2026-02-06 07:22:03,0.21270000,6962.59340,b,l
2026-02-06 07:22:29,0.21290000,387.30460,s,l
2026-02-06 07:22:29,0.21290000,154.57309,s,l
2026-02-06 07:22:29,0.21290000,154.57309,s,l
2026-02-06 07:22:33,0.21290000,231.26920,s,l
2026-02-06 07:24:05,0.21290000,14737.00000,b,l
2026-02-06 07:24:45,0.21270000,812.03920,b,l
2026-02-06 07:24:45,0.21270000,963.62578,b,l
2026-02-06 07:24:45,0.21270000,3811.33502,b,l
2026-02-06 07:24:52,0.21280000,11114.50402,b,l
2026-02-06 07:24:56,0.21290000,10090.00000,b,l
2026-02-06 07:26:00,0.21290000,2850.00000,b,l
2026-02-06 07:26:00,0.21290000,2850.00000,b,l
2026-02-06 07:26:00,0.21290000,2850.00000,b,l
2026-02-06 07:26:00,0.21290000,2850.00000,b,l
2026-02-06 07:26:00,0.21290000,2850.00000,b,l
2026-02-06 07:27:04,0.21270000,11114.50402,b,l
2026-02-06 07:27:47,0.21270000,11818.03574,b,l
2026-02-06 07:27:52,0.21280000,11818.03574,b,l
2026-02-06 07:28:08,0.21260000,591.48829,s,l
2026-02-06 07:28:08,0.21260000,591.48829,s,l
2026-02-06 07:28:30,0.21260000,596.12823,b,l
2026-02-06 07:29:24,0.21330000,927.72000,s,l
2026-02-06 07:31:00,0.21370000,927.72000,s,l
2026-02-06 07:31:00,0.21370000,927.72000,s,l
2026-02-06 07:31:47,0.21380000,23.69048,s,l
2026-02-06 07:32:48,0.21400000,963.62578,b,l
2026-02-06 07:33:15,0.21400000,6533.73319,b,l
2026-02-06 07:33:15,0.21400000,6417.26681,b,l
2026-02-06 07:34:52,0.21380000,12957.00000,b,l
2026-02-06 07:35:09,0.21380000,989.79395,b,l
2026-02-06 07:35:09,0.21380000,989.79395,b,l
2026-02-06 07:36:22,0.21410000,963.62578,b,l
2026-02-06 07:36:32,0.21400000,927.72000,s,l
2026-02-06 07:36:32,0.21400000,927.72000,s,l
2026-02-06 07:36:32,0.21390000,480.69703,b,l
2026-02-06 07:37:41,0.21360000,270.59026,s,l
2026-02-06 07:37:49,0.21350000,2850.00000,b,l
2026-02-06 07:37:49,0.21350000,10119.00000,b,l
2026-02-06 07:38:00,0.21380000,37.16119,b,l
2026-02-06 07:38:00,0.21380000,37.16119,b,l
2026-02-06 07:38:00,0.21380000,37.16119,b,l
2026-02-06 07:39:01,0.21360000,11114.50402,b,l
2026-02-06 07:40:01,0.21370000,740.56714,b,m
2026-02-06 07:41:56,0.21430000,27.99813,b,l
2026-02-06 07:42:03,0.21420000,5028.67120,b,l
2026-02-06 07:42:03,0.21420000,5700.00000,b,l
2026-02-06 07:42:03,0.21420000,2214.32880,b,l
2026-02-06 07:42:03,0.21420000,635.67120,b,l
2026-02-06 07:42:03,0.21420000,2850.00000,b,l
2026-02-06 07:42:03,0.21420000,286.44000,b,l
2026-02-06 07:42:03,0.21420000,85.63740,b,l
2026-02-06 07:42:03,0.21430000,2706.12940,b,l
2026-02-06 07:42:03,0.21430000,670.98840,b,l
2026-02-06 07:42:03,0.21430000,2174.88220,b,l
2026-02-06 07:42:03,0.21430000,3856.89850,b,l
2026-02-06 07:42:23,0.21380000,927.72000,s,l
2026-02-06 07:42:23,0.21380000,927.72000,s,l
2026-02-06 07:42:29,0.21360000,4956.42554,s,l
2026-02-06 07:42:29,0.21360000,1597.00000,s,l
2026-02-06 07:42:30,0.21350000,304.29622,s,l
2026-02-06 07:42:30,0.21350000,176.64128,s,l
2026-02-06 07:42:30,0.21350000,127.65494,s,l
2026-02-06 07:42:45,0.21350000,492.88208,s,l
2026-02-06 07:42:45,0.21350000,480.93750,s,l
2026-02-06 07:42:45,0.21350000,2538.51636,s,l
2026-02-06 07:42:45,0.21350000,2670.75410,s,l
2026-02-06 07:42:45,0.21350000,841.58184,s,l
2026-02-06 07:44:41,0.21320000,261.08013,s,l
2026-02-06 07:44:41,0.21320000,456.40473,s,l
2026-02-06 07:44:41,0.21320000,1141.32818,s,l
2026-02-06 07:44:41,0.21320000,991.18696,s,l
2026-02-06 07:46:59,0.21310000,4563.00000,b,l
2026-02-06 07:49:42,0.21310000,927.72000,s,l
2026-02-06 07:49:59,0.21270000,27.99813,s,l
2026-02-06 07:58:02,0.21220000,927.72000,s,l
2026-02-06 08:00:03,0.21240000,23880.16085,b,l
2026-02-06 08:01:08,0.21240000,12238.80636,b,l
2026-02-06 08:01:35,0.21260000,1638.00000,s,l
2026-02-06 08:02:26,0.21220000,927.72000,s,m
2026-02-06 08:02:26,0.21220000,1072.28000,s,m
2026-02-06 08:03:49,0.21170000,298.58980,s,l
2026-02-06 08:03:49,0.21160000,476.95273,s,l
2026-02-06 08:05:25,0.21260000,777.20602,b,l
2026-02-06 08:05:26,0.21280000,478.72041,b,l
2026-02-06 08:07:37,0.21310000,927.72000,b,l
2026-02-06 08:08:47,0.21380000,927.72000,s,l
2026-02-06 08:08:58,0.21330000,927.72000,s,l
2026-02-06 08:16:49,0.21280000,96.99400,s,l
2026-02-06 08:17:32,0.21260000,259.58402,s,l
2026-02-06 08:17:32,0.21260000,738.79663,s,l
2026-02-06 08:19:50,0.21200000,280.25436,s,l
2026-02-06 08:19:57,0.21210000,2606.15810,b,l
2026-02-06 08:19:57,0.21220000,153.45720,b,l
2026-02-06 08:19:57,0.21220000,5147.91715,b,l
2026-02-06 08:20:02,0.21250000,671.31115,b,l
2026-02-06 08:23:39,0.21310000,11114.50402,b,l
2026-02-06 08:24:46,0.21280000,550.47514,b,l
2026-02-06 08:25:05,0.21300000,550.47514,b,l
2026-02-06 08:25:05,0.21300000,451.38962,b,l
2026-02-06 08:25:07,0.21330000,271.05396,b,l
2026-02-06 08:25:18,0.21350000,435.46300,b,l
2026-02-06 08:25:51,0.21340000,342.77356,b,l
2026-02-06 08:25:51,0.21340000,133.56310,b,l
2026-02-06 08:25:51,0.21340000,4253.14574,b,l
2026-02-06 08:25:51,0.21350000,471.13799,b,l
2026-02-06 08:25:51,0.21370000,456.58201,b,l
2026-02-06 08:25:51,0.21370000,24.35549,b,l
2026-02-06 08:25:51,0.21370000,264.21406,b,l
2026-02-06 08:25:51,0.21370000,639.15045,b,l
2026-02-06 08:26:01,0.21380000,927.72000,s,l
2026-02-06 08:27:23,0.21310000,927.72000,s,l
2026-02-06 08:27:23,0.21310000,3859.70323,s,l
2026-02-06 08:27:23,0.21310000,780.90413,s,l
2026-02-06 08:27:23,0.21310000,179.13700,s,l
2026-02-06 08:27:23,0.21310000,2887.17134,s,l
2026-02-06 08:27:23,0.21310000,2407.40208,s,l
2026-02-06 08:27:23,0.21310000,19464.87792,s,l
2026-02-06 08:27:23,0.21310000,3927.31327,s,l
2026-02-06 08:27:23,0.21310000,1145.60008,s,l
2026-02-06 08:27:23,0.21310000,627.08665,s,l
2026-02-06 08:27:23,0.21310000,507.91335,s,l
2026-02-06 08:27:23,0.21300000,142.46850,s,l
2026-02-06 08:27:23,0.21300000,2799.17210,s,l
2026-02-06 08:27:23,0.21300000,3793.24400,s,l
2026-02-06 08:27:23,0.21300000,327.03343,s,l
2026-02-06 08:27:23,0.21300000,10404.25457,s,l
2026-02-06 08:27:23,0.21300000,967.58964,s,l
2026-02-06 08:27:23,0.21300000,495.70863,s,l
2026-02-06 08:27:23,0.21290000,927.72000,s,l
2026-02-06 08:27:23,0.21280000,155.91273,s,l
2026-02-06 08:27:23,0.21280000,155.91273,s,l
2026-02-06 08:27:23,0.21280000,963.62578,s,l
2026-02-06 08:27:23,0.21280000,2342.08670,s,l
2026-02-06 08:27:24,0.21280000,744.05134,s,l
2026-02-06 08:27:38,0.21270000,1224.20185,b,l
2026-02-06 08:27:38,0.21270000,1224.20185,b,l
2026-02-06 08:28:29,0.21300000,4394.63545,s,l
2026-02-06 08:28:29,0.21300000,1373.00000,s,l
2026-02-06 08:31:04,0.21130000,69.71181,s,l
2026-02-06 08:31:55,0.21210000,480.93750,b,l
2026-02-06 08:31:55,0.21210000,1169.94950,b,l
2026-02-06 08:33:35,0.21110000,28.42254,s,l
2026-02-06 08:37:01,0.21180000,13107.00000,b,l
2026-02-06 08:40:39,0.21210000,927.72000,s,l
2026-02-06 08:43:03,0.21140000,780.90413,s,l
2026-02-06 08:43:03,0.21140000,2069.09587,s,l
2026-02-06 08:43:03,0.21140000,2850.00000,s,l
2026-02-06 08:43:03,0.21130000,201.08037,s,l
2026-02-06 08:43:03,0.21130000,469.25003,s,l
2026-02-06 08:43:03,0.21130000,1189.25790,s,l
2026-02-06 08:43:03,0.21130000,2850.00000,s,l
2026-02-06 08:43:03,0.21130000,901.34662,s,l
2026-02-06 08:43:03,0.21120000,10921.90849,s,l
2026-02-06 08:43:03,0.21120000,3243.10751,s,l
2026-02-06 08:43:04,0.21100000,927.72000,s,l
2026-02-06 08:43:40,0.21140000,629.51132,b,l
2026-02-06 08:43:40,0.21140000,629.51132,b,l
2026-02-06 08:43:40,0.21140000,629.51130,b,l
2026-02-06 08:43:40,0.21150000,289.57521,s,l
2026-02-06 08:44:04,0.21150000,934.44160,b,l
2026-02-06 08:44:04,0.21150000,2850.00000,b,l
2026-02-06 08:44:04,0.21150000,24.73042,b,l
2026-02-06 08:44:04,0.21160000,480.41260,b,l
2026-02-06 08:44:04,0.21160000,2850.00000,b,l
2026-02-06 08:44:04,0.21160000,1695.82054,b,l
2026-02-06 08:44:04,0.21170000,237.45167,b,l
2026-02-06 08:44:04,0.21170000,236.87157,b,l
2026-02-06 08:44:04,0.21170000,679.85622,b,l
2026-02-06 08:44:04,0.21170000,2850.00000,b,l
2026-02-06 08:44:04,0.21170000,116.28740,b,l
2026-02-06 08:44:04,0.21170000,9033.21730,b,l
2026-02-06 08:44:04,0.21170000,1283.57631,b,l
2026-02-06 08:44:04,0.21170000,481.40200,b,l
2026-02-06 08:45:25,0.21170000,2850.00000,b,l
2026-02-06 08:45:25,0.21170000,1043.58493,b,l
2026-02-06 08:45:25,0.21180000,279.18070,b,l
2026-02-06 08:45:25,0.21180000,201.75680,b,l
2026-02-06 08:45:25,0.21180000,3851.60669,b,l
2026-02-06 08:45:25,0.21180000,4053.33595,b,l
2026-02-06 08:45:25,0.21190000,163.56789,b,l
2026-02-06 08:46:40,0.21170000,780.90413,b,l
2026-02-06 08:46:40,0.21170000,2069.09587,b,l
2026-02-06 08:46:40,0.21170000,2850.00000,b,l
2026-02-06 08:46:40,0.21170000,5759.00980,b,l
2026-02-06 08:46:40,0.21170000,5558.81040,b,l
2026-02-06 08:46:40,0.21170000,2850.00000,b,l
2026-02-06 08:46:40,0.21170000,2202.48691,b,l
2026-02-06 08:48:38,0.21220000,927.72000,s,l
2026-02-06 08:48:38,0.21220000,927.72000,s,l
2026-02-06 08:48:53,0.21220000,347.04690,s,l
2026-02-06 08:48:53,0.21220000,233.62620,s,l
2026-02-06 08:48:53,0.21220000,347.04690,s,l
2026-02-06 08:51:36,0.21190000,9666.50556,b,l
2026-02-06 08:52:31,0.21170000,14419.86049,b,l
2026-02-06 08:52:58,0.21180000,846.04552,s,l
2026-02-06 08:53:19,0.21190000,846.04552,b,l
2026-02-06 08:53:32,0.21220000,2008.40452,b,l
2026-02-06 08:54:31,0.21230000,927.72000,s,l
2026-02-06 08:54:31,0.21230000,189.33426,s,l
2026-02-06 08:54:33,0.21230000,738.38574,s,l
2026-02-06 08:54:33,0.21230000,927.72000,b,l
2026-02-06 08:54:54,0.21210000,927.72000,s,l
2026-02-06 09:03:02,0.21200000,927.72000,s,l
2026-02-06 09:07:01,0.21200000,513.83310,s,l
2026-02-06 09:07:01,0.21200000,413.88690,s,l
2026-02-06 09:07:57,0.21200000,480.93750,b,m
2026-02-06 09:07:57,0.21200000,1405.85495,b,m
2026-02-06 09:08:43,0.21160000,480.93750,s,l
2026-02-06 09:11:38,0.21160000,480.93750,s,l
2026-02-06 09:11:38,0.21160000,4243.03919,s,l
2026-02-06 09:11:38,0.21150000,3306.00000,s,l
2026-02-06 09:11:40,0.21150000,480.93750,s,l
2026-02-06 09:11:40,0.21150000,4245.22365,s,l
2026-02-06 09:14:28,0.21160000,513.83310,b,l
2026-02-06 09:14:28,0.21160000,2850.00000,b,l
2026-02-06 09:14:28,0.21160000,1491.41478,b,l
2026-02-06 09:14:39,0.21160000,480.93750,s,l
2026-02-06 09:14:39,0.21160000,780.90413,s,l
2026-02-06 09:14:39,0.21160000,480.93750,s,l
2026-02-06 09:14:50,0.21160000,4500.00000,s,l
2026-02-06 09:15:11,0.21160000,9600.00000,s,l
2026-02-06 09:15:14,0.21140000,780.90413,s,l
2026-02-06 09:15:14,0.21140000,710.51057,s,l
2026-02-06 09:15:14,0.21130000,1716.65481,s,l
2026-02-06 09:15:14,0.21130000,2314.50170,s,l
2026-02-06 09:15:14,0.21130000,1748.00317,s,l
