timestamp,price,volume,side,type
2026-02-05 22:57:05,8.43000,0.10500000,b,l
2026-02-05 22:57:23,8.42000,0.10500000,b,l
2026-02-05 22:57:39,8.42000,0.10500000,b,l
2026-02-05 22:57:56,8.42000,0.10500000,b,l
2026-02-05 22:58:04,8.41000,1.18906064,s,l
2026-02-05 22:58:09,8.41000,2.82430000,b,l
2026-02-05 22:58:14,8.41000,0.10500000,b,l
2026-02-05 22:58:31,8.40000,0.10500000,b,l
2026-02-05 22:58:48,8.40000,0.10499837,b,l
2026-02-05 22:59:04,8.39000,0.10499837,b,l
2026-02-05 22:59:22,8.40000,0.10499837,b,l
2026-02-05 22:59:39,8.40000,0.10499837,b,l
2026-02-05 22:59:47,8.39000,2.32542000,b,l
2026-02-05 22:59:49,8.38000,59.64920640,s,l
2026-02-05 22:59:49,8.38000,494.26167664,s,l
2026-02-05 22:59:49,8.37000,119.18800000,s,l
2026-02-05 22:59:49,8.37000,59.64920640,s,l
2026-02-05 22:59:49,8.37000,548.53884394,s,l
2026-02-05 22:59:56,8.38000,0.10499837,b,l
2026-02-05 23:00:18,8.38000,133.52080755,b,l
2026-02-05 23:00:18,8.38000,34.00000000,b,l
2026-02-05 23:00:18,8.39000,491.93625664,b,l
2026-02-05 23:00:18,8.39000,340.54293581,b,l
2026-02-05 23:00:19,8.37000,11.16630000,s,l
2026-02-05 23:00:22,8.38000,0.26875000,s,l
2026-02-05 23:00:37,8.40000,2.20937000,b,l
2026-02-05 23:01:32,8.38000,25.00000000,b,l
2026-02-05 23:02:10,8.40000,2.51934545,b,l
2026-02-05 23:02:10,8.40000,87.26328553,b,l
2026-02-05 23:02:29,8.41000,4.06894908,b,l
2026-02-05 23:02:54,8.42000,1.80717487,b,l
2026-02-05 23:03:02,8.43000,2.40824123,b,l
2026-02-05 23:03:09,8.44000,4.05520448,b,m
2026-02-05 23:03:09,8.44000,19.47560071,b,m
2026-02-05 23:03:31,8.44000,3.00000000,s,l
2026-02-05 23:03:36,8.46000,0.28517843,b,l
2026-02-05 23:03:54,8.48000,1.95605666,b,l
2026-02-05 23:03:54,8.48000,4.04394334,b,l
2026-02-05 23:04:16,8.49000,1.92643753,b,l
2026-02-05 23:04:38,8.50000,194.54753129,b,l
2026-02-05 23:04:38,8.50000,0.00000013,b,l
2026-02-05 23:04:43,8.52000,0.10499837,b,l
2026-02-05 23:05:00,8.52000,0.10500000,b,l
2026-02-05 23:05:02,8.52000,2.34669824,b,l
2026-02-05 23:05:11,8.54000,0.65912854,b,l
2026-02-05 23:05:11,8.54000,2.18697146,b,l
2026-02-05 23:05:11,8.54000,1.08206000,b,l
2026-02-05 23:05:12,8.54000,0.00000179,b,l
2026-02-05 23:05:13,8.54000,1.77549000,s,l
2026-02-05 23:05:18,8.55000,0.10500000,b,l
2026-02-05 23:05:35,8.55000,0.10500000,b,l
2026-02-05 23:05:38,8.55000,0.39676178,b,l
2026-02-05 23:05:38,8.55000,0.75521787,b,l
2026-02-05 23:05:41,8.53000,339.90848804,s,l
2026-02-05 23:05:52,8.51000,0.10500000,b,l
2026-02-05 23:05:55,8.53000,30.00000000,b,l
2026-02-05 23:05:57,8.52000,18.84570082,s,m
2026-02-05 23:06:00,8.53000,47.16998827,b,l
2026-02-05 23:06:09,8.53000,3.03402020,b,l
2026-02-05 23:06:10,8.53000,0.10500000,b,l
2026-02-05 23:06:17,8.51000,0.25000000,s,l
2026-02-05 23:06:26,8.52000,0.10499837,b,l
2026-02-05 23:06:34,8.52000,0.18750000,s,l
2026-02-05 23:06:43,8.53000,0.10500000,b,l
2026-02-05 23:06:54,8.53000,0.16229000,b,l
2026-02-05 23:06:59,8.54000,0.10500000,b,l
2026-02-05 23:07:18,8.52000,0.10500000,b,l
2026-02-05 23:07:20,8.51000,7.98470935,s,l
2026-02-05 23:07:31,8.54000,26.00585480,b,m
2026-02-05 23:07:35,8.52000,0.10499837,b,l
2026-02-05 23:07:51,8.52000,0.10500000,b,l
2026-02-05 23:07:57,8.52000,2.75966921,b,l
2026-02-05 23:08:10,8.52000,0.10500000,b,l
2026-02-05 23:08:23,8.51000,1.13402000,b,l
2026-02-05 23:08:27,8.51000,0.10500000,b,l
2026-02-05 23:08:29,8.51000,11.75088132,b,m
2026-02-05 23:08:43,8.51000,0.10499837,b,l
2026-02-05 23:08:44,8.49000,0.14062000,s,l
2026-02-05 23:09:00,8.51000,0.10500000,b,l
2026-02-05 23:09:03,8.49000,71.51881668,s,m
2026-02-05 23:09:17,8.51000,0.10500000,b,l
2026-02-05 23:09:34,8.53000,0.10499837,b,l
2026-02-05 23:09:38,8.53000,4.04298000,b,l
2026-02-05 23:09:39,8.53000,0.00000439,b,l
2026-02-05 23:09:50,8.54000,0.10500000,b,l
2026-02-05 23:10:08,8.53000,168.58722000,s,l
2026-02-05 23:10:09,8.54000,0.10500000,b,l
2026-02-05 23:10:25,8.55000,0.10500000,b,l
2026-02-05 23:10:30,8.54000,2.00000000,b,l
2026-02-05 23:10:35,8.53000,8.22238675,b,l
2026-02-05 23:10:36,8.53000,8.22238675,b,l
2026-02-05 23:10:42,8.55000,0.10500000,b,l
2026-02-05 23:10:58,8.54000,0.10500000,b,l
2026-02-05 23:11:01,8.54000,2.00122834,b,m
2026-02-05 23:11:05,8.54000,2.00000000,s,l
2026-02-05 23:11:05,8.55000,4.52545000,b,l
2026-02-05 23:11:16,8.54000,0.10500000,b,l
2026-02-05 23:11:33,8.52000,0.10500000,b,l
2026-02-05 23:11:50,8.52000,0.10500000,b,l
2026-02-05 23:11:54,8.52000,8.22238675,b,l
2026-02-05 23:11:54,8.52000,58.11058965,b,l
2026-02-05 23:11:57,8.52000,196.18475103,b,l
2026-02-05 23:11:57,8.52000,255.72475568,b,l
2026-02-05 23:11:57,8.52000,216.63467576,b,l
2026-02-05 23:11:57,8.53000,8.53862855,b,l
2026-02-05 23:12:08,8.53000,0.10500000,b,l
2026-02-05 23:12:11,8.53000,8.49233796,b,l
2026-02-05 23:12:24,8.54000,0.10500000,b,l
2026-02-05 23:12:41,8.54000,0.10500000,b,l
2026-02-05 23:12:50,8.53000,227.36430000,s,l
2026-02-05 23:12:50,8.53000,260.00000000,s,l
2026-02-05 23:12:50,8.53000,8.20480458,s,l
2026-02-05 23:12:50,8.53000,90.67708000,s,l
2026-02-05 23:12:50,8.53000,0.00000533,s,l
2026-02-05 23:12:57,8.53000,0.10500000,b,l
2026-02-05 23:13:15,8.52000,0.10500000,b,l
2026-02-05 23:13:16,8.51000,8.22238675,b,l
2026-02-05 23:13:32,8.52000,0.10499837,b,l
2026-02-05 23:13:48,8.52000,0.10500000,b,l
2026-02-05 23:14:05,8.52000,0.10500000,b,l
2026-02-05 23:14:23,8.52000,0.10500000,b,l
2026-02-05 23:14:39,8.52000,0.10500000,b,l
2026-02-05 23:14:56,8.52000,0.10500000,b,l
2026-02-05 23:15:14,8.52000,0.10500000,b,l
2026-02-05 23:15:30,8.52000,0.10500000,b,l
2026-02-05 23:15:32,8.52000,8.22238675,b,l
2026-02-05 23:15:47,8.53000,0.10500000,b,l
2026-02-05 23:16:02,8.52000,2.00000000,s,l
2026-02-05 23:16:03,8.52000,0.10500000,b,l
2026-02-05 23:16:13,8.51000,5.87544065,s,l
2026-02-05 23:16:13,8.51000,107.94124559,s,l
2026-02-05 23:16:21,8.51000,43.62301000,b,l
2026-02-05 23:16:22,8.51000,0.10500000,b,l
2026-02-05 23:16:30,8.48000,0.65912854,s,m
2026-02-05 23:16:30,8.48000,7.48284619,s,m
2026-02-05 23:16:38,8.50000,0.10500000,b,l
2026-02-05 23:16:55,8.49000,0.10499837,b,l
2026-02-05 23:17:13,8.49000,0.10500000,b,l
2026-02-05 23:17:27,8.50000,43.77000000,b,m
2026-02-05 23:17:27,8.50000,15.05352941,b,m
2026-02-05 23:17:30,8.50000,0.10500000,b,l
2026-02-05 23:17:40,8.50000,0.22632941,b,l
2026-02-05 23:17:46,8.51000,0.10499837,b,l
2026-02-05 23:17:55,8.51000,43.77000163,b,l
2026-02-05 23:17:55,8.51000,4.87146398,b,l
2026-02-05 23:17:55,8.51000,129.36813439,b,l
2026-02-05 23:18:03,8.51000,0.10499837,b,l
2026-02-05 23:18:19,8.50000,37.00000000,b,l
2026-02-05 23:18:19,8.50000,1.58928000,b,l
2026-02-05 23:18:20,8.50000,0.10499837,b,l
2026-02-05 23:18:37,8.50000,0.10499837,b,l
2026-02-05 23:18:45,8.49000,37.45394000,b,l
2026-02-05 23:18:53,8.49000,0.10500000,b,l
2026-02-05 23:19:12,8.49000,0.10500000,b,l
2026-02-05 23:19:18,8.49000,6.64480000,b,l
2026-02-05 23:19:22,8.49000,425.34026000,b,l
2026-02-05 23:19:22,8.49000,98.78411506,b,l
2026-02-05 23:19:22,8.49000,464.76171500,b,l
2026-02-05 23:19:22,8.49000,43.87500000,b,l
2026-02-05 23:19:22,8.49000,29.00000000,b,l
2026-02-05 23:19:28,8.50000,0.10500000,b,l
2026-02-05 23:19:45,8.50000,0.10499837,b,l
2026-02-05 23:20:01,8.49000,0.10499837,b,l
2026-02-05 23:20:19,8.47000,0.10500000,b,l
2026-02-05 23:20:20,8.47000,0.88568000,b,l
2026-02-05 23:20:24,8.46000,6.00000000,s,l
2026-02-05 23:20:33,8.46000,11.77856301,b,l
2026-02-05 23:20:36,8.46000,0.10500000,b,l
2026-02-05 23:20:52,8.46000,0.10500000,b,l
2026-02-05 23:21:10,8.45000,0.10500000,b,l
2026-02-05 23:21:12,8.45000,0.13243498,b,l
2026-02-05 23:21:15,8.45000,1.83196054,b,m
2026-02-05 23:21:24,8.44000,4.72710253,s,l
2026-02-05 23:21:24,8.44000,0.00946722,s,l
2026-02-05 23:21:27,8.44000,0.10500000,b,l
2026-02-05 23:21:43,8.43000,0.10500000,b,l
2026-02-05 23:22:00,8.44000,0.10500000,b,l
2026-02-05 23:22:06,8.42000,1.95605666,s,l
2026-02-05 23:22:18,8.43000,0.10500000,b,l
2026-02-05 23:22:34,8.43000,0.10500000,b,l
2026-02-05 23:22:51,8.43000,0.10500000,b,l
2026-02-05 23:22:53,8.43000,0.10500000,b,l
2026-02-05 23:22:53,8.43000,8.22238675,b,l
2026-02-05 23:22:53,8.43000,35.44261325,b,l
2026-02-05 23:22:53,8.43000,22.66797640,b,l
2026-02-05 23:22:53,8.43000,196.18475103,b,l
2026-02-05 23:23:09,8.43000,0.10500000,b,l
2026-02-05 23:23:25,8.43000,0.10500000,b,l
2026-02-05 23:23:42,8.43000,0.10500000,b,l
2026-02-05 23:23:59,8.43000,0.10500000,b,l
2026-02-05 23:24:17,8.43000,0.10500000,b,l
2026-02-05 23:24:19,8.42000,1.26156000,s,l
2026-02-05 23:24:33,8.42000,0.10500000,b,l
2026-02-05 23:24:42,8.41000,0.75000000,s,l
2026-02-05 23:24:50,8.42000,0.10500000,b,l
2026-02-05 23:25:08,8.43000,0.10500000,b,l
2026-02-05 23:25:25,8.42000,0.10500000,b,l
2026-02-05 23:25:41,8.42000,0.10500000,b,l
2026-02-05 23:25:52,8.41000,8.86891222,s,m
2026-02-05 23:25:58,8.42000,0.10500000,b,l
2026-02-05 23:26:16,8.41000,0.10500000,b,l
2026-02-05 23:26:30,8.41000,8.23878775,s,m
2026-02-05 23:26:32,8.42000,0.10500000,b,l
2026-02-05 23:26:48,8.42000,0.10500000,b,l
2026-02-05 23:26:56,8.42000,673.44427021,b,l
2026-02-05 23:26:57,8.42000,58.09415515,b,l
2026-02-05 23:26:57,8.42000,268.35657464,b,l
2026-02-05 23:27:02,8.42000,2.05921000,s,l
2026-02-05 23:27:05,8.43000,0.10500000,b,l
2026-02-05 23:27:23,8.43000,0.10500000,b,l
2026-02-05 23:27:40,8.43000,0.10500000,b,l
2026-02-05 23:27:56,8.43000,0.10500000,b,l
2026-02-05 23:28:14,8.43000,0.10500000,b,l
2026-02-05 23:28:30,8.43000,0.10500000,b,l
2026-02-05 23:28:31,8.43000,3.64034432,b,l
2026-02-05 23:28:31,8.43000,0.00182108,b,l
2026-02-05 23:28:41,8.44000,0.16380473,b,l
2026-02-05 23:28:46,8.45000,0.30062721,b,l
2026-02-05 23:28:47,8.45000,0.10500000,b,l
2026-02-05 23:29:03,8.44000,0.10500000,b,l
2026-02-05 23:29:21,8.45000,0.10500000,b,l
2026-02-05 23:29:38,8.44000,0.10500000,b,l
2026-02-05 23:29:54,8.45000,0.10500000,b,l
2026-02-05 23:30:04,8.45000,2.52139736,b,m
2026-02-05 23:30:04,8.45000,43.87500000,b,m
2026-02-05 23:30:04,8.45000,570.90797878,b,m
2026-02-05 23:30:04,8.46000,43.87500000,b,m
2026-02-05 23:30:04,8.46000,494.26167664,b,m
2026-02-05 23:30:04,8.46000,3.34770515,b,m
2026-02-05 23:30:04,8.46000,38.10412200,b,m
2026-02-05 23:30:04,8.46000,82.21215957,b,m
2026-02-05 23:30:12,8.46000,0.10500000,b,l
2026-02-05 23:30:29,8.46000,0.10500000,b,l
2026-02-05 23:30:40,8.46000,2.89218732,b,l
2026-02-05 23:30:45,8.46000,0.10500000,b,l
2026-02-05 23:31:02,8.45000,0.10500000,b,l
2026-02-05 23:31:11,8.45000,0.40200000,b,l
2026-02-05 23:31:19,8.47000,0.10500000,b,l
2026-02-05 23:31:35,8.46000,30.00000000,s,l
2026-02-05 23:31:36,8.47000,0.10500000,b,l
2026-02-05 23:31:39,8.47000,1.21953738,b,l
2026-02-05 23:31:39,8.47000,0.00061007,b,l
2026-02-05 23:31:42,8.47000,3.11000000,s,l
2026-02-05 23:31:49,8.48000,1.95605666,b,l
2026-02-05 23:31:49,8.48000,0.13222669,b,l
2026-02-05 23:31:49,8.48000,2.06610665,b,l
2026-02-05 23:31:52,8.48000,0.10500000,b,l
2026-02-05 23:32:02,8.48000,4.73656975,b,l
2026-02-05 23:32:06,8.49000,11.38583000,b,l
2026-02-05 23:32:10,8.49000,0.10500000,b,l
2026-02-05 23:32:27,8.47000,0.10500000,b,l
2026-02-05 23:32:43,8.46000,0.10500000,b,l
2026-02-05 23:32:59,8.45000,4.72426627,s,l
2026-02-05 23:33:00,8.46000,0.10500000,b,l
2026-02-05 23:33:00,8.45000,0.00946154,s,l
2026-02-05 23:33:18,8.45000,0.10500000,b,l
2026-02-05 23:33:34,8.44000,0.10500000,b,l
2026-02-05 23:33:51,8.44000,0.10500000,b,l
2026-02-05 23:33:52,8.43000,4.83545615,s,l
2026-02-05 23:34:09,8.43000,0.10500000,b,l
2026-02-05 23:34:14,8.42000,0.76205771,s,l
2026-02-05 23:34:14,8.42000,0.76205771,s,l
2026-02-05 23:34:14,8.42000,0.43194124,s,l
2026-02-05 23:34:26,8.42000,0.10500000,b,l
2026-02-05 23:34:42,8.41000,0.10500000,b,l
2026-02-05 23:34:59,8.41000,0.10500000,b,l
2026-02-05 23:35:12,8.40000,8.20569305,s,l
2026-02-05 23:35:12,8.40000,432.26930000,s,l
2026-02-05 23:35:12,8.40000,0.00000695,s,l
2026-02-05 23:35:12,8.39000,0.61585816,s,l
2026-02-05 23:35:13,8.37000,0.43455086,s,l
2026-02-05 23:35:16,8.38000,0.10500000,b,l
2026-02-05 23:35:33,8.38000,0.10500000,b,l
2026-02-05 23:35:41,8.39000,158.75281000,b,l
2026-02-05 23:35:49,8.37000,0.10500000,b,l
2026-02-05 23:36:07,8.37000,0.10500000,b,l
2026-02-05 23:36:12,8.36000,2.59260047,s,l
2026-02-05 23:36:12,8.36000,2.22512440,s,l
2026-02-05 23:36:12,8.35000,2.62351285,s,l
2026-02-05 23:36:20,8.35000,50.00000000,b,l
2026-02-05 23:36:23,8.36000,0.10500000,b,l
2026-02-05 23:36:40,8.37000,0.10500000,b,l
2026-02-05 23:36:56,8.37000,0.10500000,b,l
2026-02-05 23:37:00,8.36000,8.27816069,s,m
2026-02-05 23:37:14,8.36000,0.10500000,b,l
2026-02-05 23:37:26,8.36000,26.55502392,b,m
2026-02-05 23:37:31,8.35000,0.10500000,b,l
2026-02-05 23:37:38,8.34000,1.70373631,s,l
2026-02-05 23:37:47,8.36000,0.10500000,b,l
2026-02-05 23:38:04,8.37000,0.10500000,b,l
2026-02-05 23:38:17,8.37000,49.62140055,b,l
2026-02-05 23:38:22,8.37000,0.10500000,b,l
2026-02-05 23:38:39,8.36000,0.10500000,b,l
2026-02-05 23:38:55,8.37000,3.63654000,b,l
2026-02-05 23:38:55,8.37000,0.10500000,b,l
2026-02-05 23:39:13,8.38000,0.10500000,b,l
2026-02-05 23:39:37,8.37000,2.42400000,b,l
2026-02-05 23:40:16,8.34000,200.05083863,b,l
2026-02-05 23:40:25,8.33000,0.48019207,s,l
2026-02-05 23:40:25,8.32000,4.13131129,s,l
2026-02-05 23:40:25,8.32000,25.99432664,s,l
2026-02-05 23:40:54,8.35000,1.38470000,b,m
2026-02-05 23:40:56,8.35000,2.40384615,b,m
2026-02-05 23:41:18,8.35000,0.10498875,b,l
2026-02-05 23:41:35,8.34000,0.10498875,b,l
2026-02-05 23:41:51,8.32000,0.10498875,b,l
2026-02-05 23:42:01,8.33000,0.19016000,b,l
2026-02-05 23:42:10,8.33000,0.10500000,b,l
2026-02-05 23:42:26,8.33000,0.10500000,b,l
2026-02-05 23:42:27,8.33000,8.38840254,b,m
2026-02-05 23:42:43,8.33000,0.10500000,b,l
2026-02-05 23:42:50,8.34000,3.58076000,b,l
2026-02-05 23:42:59,8.33000,0.10500000,b,l
2026-02-05 23:43:17,8.34000,0.10500000,b,l
2026-02-05 23:43:28,8.33000,30.60584000,s,l
2026-02-05 23:43:32,8.34000,9.63892572,b,l
2026-02-05 23:43:32,8.34000,1.94600428,b,l
2026-02-05 23:43:33,8.34000,0.10498875,b,l
2026-02-05 23:43:38,8.34000,0.50500000,b,l
2026-02-05 23:43:46,8.33000,110.86947252,s,l
2026-02-05 23:43:46,8.33000,158.52468748,s,l
2026-02-05 23:43:46,8.33000,152.85490000,s,l
2026-02-05 23:43:50,8.33000,0.10498875,b,l
2026-02-05 23:44:08,8.33000,0.10500000,b,l
2026-02-05 23:44:27,8.33000,8.22900296,b,m
2026-02-05 23:44:38,8.33000,0.10500000,b,l
2026-02-05 23:45:08,8.33000,0.10500000,b,l
2026-02-05 23:46:22,8.33000,4.74770226,b,l
2026-02-05 23:48:31,8.33000,8.31791176,s,m
2026-02-05 23:49:27,8.35000,2.31253910,b,m
2026-02-05 23:49:27,8.35000,5.89696386,b,m
2026-02-05 23:49:44,8.34000,54.77308294,s,m
2026-02-05 23:49:53,8.36000,43.87500000,b,m
2026-02-05 23:49:53,8.36000,4.96020796,b,m
2026-02-05 23:49:53,8.36000,5.93479204,b,m
2026-02-05 23:51:18,8.33000,0.63802000,s,l
2026-02-05 23:51:34,8.33000,627.22734760,s,l
2026-02-05 23:51:34,8.33000,30.00000000,s,l
2026-02-05 23:52:41,8.29000,3.29696000,s,l
2026-02-05 23:52:41,8.29000,0.00000449,s,l
2026-02-05 23:52:47,8.28000,0.75711038,s,l
2026-02-05 23:52:47,8.27000,0.48367593,s,l
2026-02-05 23:52:49,8.26000,0.61603995,s,l
2026-02-05 23:52:57,8.28000,5.90013301,b,l
2026-02-05 23:53:08,8.26000,11.62292270,b,l
2026-02-05 23:54:27,8.27000,8.14197473,b,m
2026-02-05 23:54:40,8.27000,12.09189843,b,m
2026-02-05 23:54:50,8.27000,3.54903000,b,l
2026-02-05 23:54:52,8.27000,0.00000552,b,l
2026-02-05 23:55:23,8.27000,43.87500000,s,l
2026-02-05 23:55:23,8.27000,573.20040612,s,l
2026-02-05 23:55:30,8.28000,6.93854622,s,m
2026-02-05 23:55:52,8.28000,0.24876811,b,l
2026-02-05 23:56:06,8.29000,43.87500000,b,m
2026-02-05 23:56:06,8.29000,402.12500000,b,m
2026-02-05 23:56:16,8.29000,6.31360713,b,l
2026-02-05 23:56:16,8.29000,8.68639287,b,l
2026-02-05 23:56:18,8.28000,153.85620000,b,l
2026-02-05 23:56:49,8.29000,3.99718534,b,l
2026-02-05 23:57:00,8.30000,0.15190108,b,l
2026-02-05 23:57:06,8.30000,6.30246588,s,l
2026-02-05 23:57:29,8.28000,45.90080694,s,l
2026-02-05 23:58:14,8.29000,43.87500000,s,m
2026-02-05 23:58:14,8.29000,57.14293296,s,m
2026-02-05 23:59:27,8.30000,8.23878775,b,m
2026-02-06 00:00:04,8.30000,28.30225207,b,l
2026-02-06 00:00:04,8.30000,0.01415821,b,l
2026-02-06 00:00:13,8.31000,1.50027885,b,l
2026-02-06 00:00:38,8.32000,0.10498875,b,l
2026-02-06 00:00:51,8.32000,1.38969281,b,l
2026-02-06 00:01:36,8.32000,0.10500000,b,l
2026-02-06 00:01:56,8.28000,29.31047092,s,m
2026-02-06 00:02:06,8.29000,0.10500000,b,l
2026-02-06 00:02:10,8.29000,12.06272618,b,m
2026-02-06 00:02:14,8.30000,3.76966000,b,l
2026-02-06 00:02:22,8.30000,5.00000000,b,m
2026-02-06 00:02:30,8.27000,42.38945000,b,l
2026-02-06 00:02:45,8.27000,3.02297461,b,m
2026-02-06 00:03:05,8.24000,0.10500000,b,l
2026-02-06 00:03:08,8.24000,1.03417000,b,l
2026-02-06 00:03:09,8.24000,42.73583000,b,m
2026-02-06 00:03:09,8.24000,118.80664563,b,m
2026-02-06 00:03:12,8.23000,2.59336938,s,l
2026-02-06 00:03:12,8.23000,2.22586512,s,l
2026-02-06 00:03:12,8.22000,494.26167664,s,l
2026-02-06 00:03:12,8.22000,7.59300700,s,l
2026-02-06 00:03:12,8.22000,37.00000000,s,l
2026-02-06 00:03:12,8.21000,0.33513000,s,l
2026-02-06 00:03:13,8.21000,121.46754966,s,l
2026-02-06 00:03:13,8.21000,0.98081983,s,l
2026-02-06 00:03:13,8.21000,494.26167664,s,l
2026-02-06 00:03:17,8.20000,0.80733863,s,l
2026-02-06 00:03:17,8.20000,621.06334573,s,l
2026-02-06 00:03:17,8.20000,208.28260000,s,l
2026-02-06 00:03:17,8.20000,243.21160000,s,l
2026-02-06 00:03:17,8.20000,0.00001862,s,l
2026-02-06 00:03:18,8.20000,43.87500000,b,l
2026-02-06 00:03:18,8.20000,76.12500000,b,l
2026-02-06 00:03:18,8.19000,4.12910000,s,l
2026-02-06 00:03:18,8.19000,0.00003553,s,m
2026-02-06 00:03:18,8.19000,43.87500000,s,m
2026-02-06 00:03:18,8.18000,43.87500000,s,m
2026-02-06 00:03:18,8.18000,477.63315339,s,m
2026-02-06 00:03:18,8.18000,36.76380100,s,m
2026-02-06 00:03:18,8.18000,92.97269101,s,m
2026-02-06 00:03:18,8.18000,164.69091480,s,m
2026-02-06 00:03:18,8.18000,458.43520782,s,m
2026-02-06 00:03:18,8.18000,601.71055324,s,m
2026-02-06 00:03:18,8.18000,40.34535197,s,m
2026-02-06 00:03:18,8.17000,43.87500000,s,m
2026-02-06 00:03:18,8.17000,751.45459271,s,m
2026-02-06 00:03:18,8.17000,484.52900000,s,m
2026-02-06 00:03:18,8.17000,363.70000000,s,m
2026-02-06 00:03:18,8.16000,43.87500000,s,m
2026-02-06 00:03:18,8.16000,291.37800000,s,m
2026-02-06 00:03:18,8.16000,267.50202400,s,m
2026-02-06 00:03:18,8.16000,126.91028000,s,m
2026-02-06 00:03:18,8.16000,365.83135174,s,m
2026-02-06 00:03:18,8.16000,262.30100000,s,m
2026-02-06 00:03:18,8.16000,38.34204279,s,m
2026-02-06 00:03:18,8.16000,145.48148662,s,m
2026-02-06 00:03:18,8.16000,451.31128395,s,m
2026-02-06 00:03:18,8.16000,141.78008012,s,m
2026-02-06 00:03:18,8.16000,549.08282663,s,m
2026-02-06 00:03:18,8.16000,712.34432268,s,m
2026-02-06 00:03:19,8.17000,183.59853121,s,l
2026-02-06 00:03:19,8.17000,23.21981879,s,l
2026-02-06 00:03:19,8.20000,146.56911000,b,l
2026-02-06 00:03:19,8.17000,33.05725021,s,m
2026-02-06 00:03:19,8.17000,108.61508791,s,m
2026-02-06 00:03:19,8.17000,183.59853121,s,m
2026-02-06 00:03:19,8.17000,309.89043340,s,m
2026-02-06 00:03:19,8.17000,174.80856660,s,m
2026-02-06 00:03:19,8.17000,133.52080755,s,m
2026-02-06 00:03:19,8.17000,43.87500000,s,m
2026-02-06 00:03:19,8.17000,291.08424695,s,m
2026-02-06 00:03:19,8.17000,598.68534070,s,m
2026-02-06 00:03:19,8.17000,3.78236852,s,m
2026-02-06 00:03:19,8.16000,43.87500000,s,m
2026-02-06 00:03:19,8.16000,291.54800000,s,m
2026-02-06 00:03:19,8.16000,41.00000000,s,m
2026-02-06 00:03:19,8.16000,193.20000000,s,m
2026-02-06 00:03:19,8.16000,6.95940600,s,m
2026-02-06 00:03:19,8.16000,42.32612300,s,m
2026-02-06 00:03:19,8.16000,136.24094480,s,m
2026-02-06 00:03:19,8.16000,229.50120698,s,m
2026-02-06 00:03:19,8.16000,0.49879302,s,m
2026-02-06 00:03:19,8.16000,133.93280000,s,m
2026-02-06 00:03:19,8.16000,0.00009315,s,m
2026-02-06 00:03:19,8.16000,473.43825136,s,m
2026-02-06 00:03:19,8.16000,363.70000000,s,m
2026-02-06 00:03:19,8.16000,262.50600000,s,m
2026-02-06 00:03:19,8.16000,900.35574864,s,m
2026-02-06 00:03:24,8.17000,2.38663000,s,m
2026-02-06 00:03:31,8.21000,58.09415515,b,l
2026-02-06 00:03:33,8.22000,121.95410000,b,l
2026-02-06 00:03:33,8.22000,0.00009400,b,l
2026-02-06 00:03:33,8.23000,2.44798041,b,m
2026-02-06 00:03:36,8.24000,0.10500000,b,l
2026-02-06 00:03:41,8.24000,58.09415515,b,l
2026-02-06 00:03:43,8.27000,43.87500000,b,m
2026-02-06 00:03:43,8.27000,24.76250000,b,m
2026-02-06 00:04:04,8.25000,305.80915000,b,l
2026-02-06 00:04:11,8.25000,0.10500000,b,l
2026-02-06 00:04:18,8.23000,260.00000000,b,l
2026-02-06 00:04:18,8.23000,138.04590000,b,l
2026-02-06 00:04:18,8.23000,85.59610000,b,l
2026-02-06 00:04:18,8.23000,0.22665722,s,l
2026-02-06 00:04:19,8.23000,0.73094902,s,m
2026-02-06 00:04:19,8.24000,8.00000000,b,l
2026-02-06 00:04:27,8.26000,8.27816069,b,m
2026-02-06 00:04:31,8.25000,21.34627047,b,m
2026-02-06 00:05:06,8.22000,0.10500000,b,l
2026-02-06 00:05:39,8.17000,16.50281000,b,l
2026-02-06 00:05:41,8.16000,33.57900000,s,l
2026-02-06 00:05:41,8.16000,0.00006005,s,l
2026-02-06 00:05:44,8.15000,1.00000000,s,l
2026-02-06 00:05:50,8.14000,7.80909017,s,l
2026-02-06 00:05:50,8.14000,1.84275184,s,l
2026-02-06 00:05:50,8.14000,7.80131000,s,l
2026-02-06 00:05:50,8.14000,3.29654500,s,l
2026-02-06 00:05:50,8.14000,494.26167664,s,l
2026-02-06 00:05:50,8.14000,10.16918900,s,l
2026-02-06 00:05:50,8.14000,15.56913436,s,l
2026-02-06 00:05:50,8.14000,24.43086564,s,l
2026-02-06 00:06:14,8.12000,33.55974540,s,l
2026-02-06 00:06:14,8.13000,14.74056600,b,m
2026-02-06 00:06:17,8.11000,12.32799013,s,l
2026-02-06 00:06:17,8.11000,2.49999987,s,l
2026-02-06 00:06:17,8.11000,0.00000013,s,l
2026-02-06 00:06:22,8.11000,494.26167664,s,l
2026-02-06 00:06:22,8.10000,5.00000000,s,l
2026-02-06 00:06:22,8.10000,6.17283950,s,l
2026-02-06 00:06:22,8.10000,8.27160493,s,l
2026-02-06 00:06:22,8.10000,0.46476755,s,l
2026-02-06 00:06:22,8.10000,2.00000000,s,l
2026-02-06 00:06:22,8.10000,43.87500000,s,l
2026-02-06 00:06:22,8.10000,261.77464138,s,l
2026-02-06 00:06:26,8.12000,12.09617300,b,l
2026-02-06 00:06:26,8.12000,19.47321700,b,l
2026-02-06 00:06:33,8.12000,0.10500000,b,l
2026-02-06 00:06:38,8.12000,43.77000000,b,l
2026-02-06 00:06:38,8.12000,37.08419914,b,l
2026-02-06 00:06:46,8.10000,4.31711112,s,m
2026-02-06 00:06:51,8.12000,66.53340000,b,l
2026-02-06 00:06:54,8.13000,73.83969419,s,l
2026-02-06 00:06:54,8.13000,147.55650772,s,l
2026-02-06 00:06:55,8.14000,67.58600000,b,l
2026-02-06 00:06:56,8.14000,0.00003827,b,l
2026-02-06 00:06:57,8.15000,165.29930662,b,l
2026-02-06 00:06:57,8.15000,42.20252800,s,l
2026-02-06 00:06:58,8.17000,458.99632802,s,l
2026-02-06 00:07:07,8.16000,0.10500000,b,l
2026-02-06 00:07:25,8.16000,0.10500000,b,l
2026-02-06 00:07:26,8.15000,43.72150331,s,l
2026-02-06 00:07:34,8.16000,1.98340000,b,l
2026-02-06 00:07:35,8.16000,0.00000080,b,l
2026-02-06 00:07:36,8.16000,1.99264625,s,l
2026-02-06 00:07:41,8.17000,0.97919217,b,m
2026-02-06 00:08:00,8.16000,78.80623000,s,l
2026-02-06 00:08:14,8.15000,370.97070000,s,l
2026-02-06 00:08:14,8.15000,123.29097664,s,l
2026-02-06 00:08:14,8.14000,73.74711977,s,l
2026-02-06 00:08:14,8.14000,38.00000000,s,l
2026-02-06 00:08:23,8.15000,0.10500000,b,l
2026-02-06 00:08:24,8.15000,43.77000000,b,l
2026-02-06 00:08:24,8.15000,494.26167664,b,l
2026-02-06 00:08:24,8.15000,264.76000000,b,l
2026-02-06 00:08:24,8.15000,184.04907975,b,l
2026-02-06 00:08:24,8.15000,489.79300000,b,l
2026-02-06 00:08:24,8.15000,61.42544970,b,l
2026-02-06 00:08:24,8.15000,165.27048068,b,l
2026-02-06 00:08:24,8.15000,1.52889071,b,l
2026-02-06 00:08:24,8.15000,652.04377696,b,l
2026-02-06 00:08:24,8.15000,2643.09764556,s,l
2026-02-06 00:08:26,8.14000,30.75876000,s,l
2026-02-06 00:08:26,8.14000,0.00000473,s,l
2026-02-06 00:08:27,8.13000,26.13264000,s,l
2026-02-06 00:08:29,8.13000,0.00000710,s,l
2026-02-06 00:08:29,8.13000,21.23110338,s,l
2026-02-06 00:08:38,8.14000,28.03359000,s,l
2026-02-06 00:08:38,8.14000,0.00000142,s,l
2026-02-06 00:08:53,8.13000,0.10500000,b,l
2026-02-06 00:09:00,8.12000,368.93562000,s,l
2026-02-06 00:09:00,8.12000,0.00000073,s,l
2026-02-06 00:09:01,8.11000,23.46909900,s,l
2026-02-06 00:09:01,8.11000,1.61117797,s,l
2026-02-06 00:09:11,8.10000,0.10500000,b,l
2026-02-06 00:09:11,8.09000,3.09023485,s,l
2026-02-06 00:09:13,8.08000,22.56215344,s,l
2026-02-06 00:09:14,8.07000,74.34944237,s,l
2026-02-06 00:09:14,8.07000,0.77680763,s,l
2026-02-06 00:09:14,8.07000,0.00000451,s,l
2026-02-06 00:09:15,8.07000,45.30384000,b,l
2026-02-06 00:09:19,8.06000,1.24100000,s,l
2026-02-06 00:09:20,8.05000,35.04100000,s,l
2026-02-06 00:09:27,8.07000,8.31791176,b,m
2026-02-06 00:09:30,8.07000,1.18623963,s,m
2026-02-06 00:09:30,8.08000,3.87840000,b,l
2026-02-06 00:09:30,8.08000,0.00009235,b,l
2026-02-06 00:09:34,8.09000,3.39041000,b,l
2026-02-06 00:09:34,8.09000,0.00000592,b,l
2026-02-06 00:09:34,8.09000,43.87500000,s,l
2026-02-06 00:09:34,8.09000,204.55337996,s,l
2026-02-06 00:09:35,8.10000,1.26376779,b,m
2026-02-06 00:09:35,8.11000,1.21147973,b,m
2026-02-06 00:09:40,8.12000,4.23781000,b,l
2026-02-06 00:09:42,8.11000,11.14223000,s,l
2026-02-06 00:09:42,8.11000,0.00000354,s,l
2026-02-06 00:09:47,8.10000,68.09030000,s,l
2026-02-06 00:09:48,8.11000,2.46074459,s,l
2026-02-06 00:09:52,8.11000,0.01848817,b,m
2026-02-06 00:09:56,8.12000,0.00000401,b,l
2026-02-06 00:09:56,8.12000,0.10499599,b,l
2026-02-06 00:10:05,8.10000,11.12577834,s,l
2026-02-06 00:10:13,8.11000,11.09217648,s,l
2026-02-06 00:10:15,8.11000,1.85185200,b,m
2026-02-06 00:10:20,8.09000,494.26167664,s,l
2026-02-06 00:10:20,8.09000,157.81930000,s,l
2026-02-06 00:10:20,8.09000,11.00682336,s,l
2026-02-06 00:10:20,8.09000,0.00006977,s,l
2026-02-06 00:10:20,8.08000,43.87500000,b,l
2026-02-06 00:10:20,8.09000,43.87500000,b,l
2026-02-06 00:10:20,8.09000,706.96286000,b,l
2026-02-06 00:10:20,8.09000,494.26167664,b,l
2026-02-06 00:10:20,8.10000,492.06900000,b,l
2026-02-06 00:10:20,8.10000,43.87500000,b,l
2026-02-06 00:10:20,8.10000,175.08146336,b,l
2026-02-06 00:10:29,8.09000,1.23456791,b,m
2026-02-06 00:10:36,8.06000,672.71380910,s,l
2026-02-06 00:10:37,8.06000,2.78329787,s,l
2026-02-06 00:10:37,8.05000,623.37086242,s,l
2026-02-06 00:10:40,8.07000,11.43694000,b,l
2026-02-06 00:10:44,8.05000,649.05103780,s,l
2026-02-06 00:10:48,8.06000,43.87500000,s,l
2026-02-06 00:10:58,8.08000,0.10500000,b,l
2026-02-06 00:10:59,8.07000,4.06628037,s,l
2026-02-06 00:11:01,8.07000,50.00000000,s,l
2026-02-06 00:11:01,8.07000,355.10653600,s,l
2026-02-06 00:11:01,8.07000,94.89346400,s,l
2026-02-06 00:11:02,8.07000,2.09295000,b,l
2026-02-06 00:11:04,8.05000,674.28048866,s,l
2026-02-06 00:11:07,8.05000,251.56440722,s,l
2026-02-06 00:11:07,8.05000,7.25964022,s,l
2026-02-06 00:11:07,8.05000,2.47828000,b,l
2026-02-06 00:11:10,8.06000,43.87500000,b,l
2026-02-06 00:11:10,8.06000,102.45489959,b,l
2026-02-06 00:11:10,8.06000,316.14921099,b,l
2026-02-06 00:11:10,8.06000,47.38004958,b,l
2026-02-06 00:11:10,8.06000,36.00000000,b,l
2026-02-06 00:11:10,8.06000,9.87864900,b,l
2026-02-06 00:11:10,8.06000,43.87500000,s,l
2026-02-06 00:11:10,8.06000,2.89831100,s,l
2026-02-06 00:11:19,8.05000,6.55480712,s,l
2026-02-06 00:11:19,8.05000,0.40017326,b,l
2026-02-06 00:11:20,8.04000,5.15841993,s,l
2026-02-06 00:11:21,8.04000,16.99000000,s,l
2026-02-06 00:11:22,8.03000,682.13186821,s,l
2026-02-06 00:11:23,8.03000,155.12290000,s,l
2026-02-06 00:11:23,8.03000,89.84110000,s,l
2026-02-06 00:11:23,8.03000,54.37230000,s,l
2026-02-06 00:11:23,8.03000,887.99814691,s,l
2026-02-06 00:11:23,8.03000,690.28280000,s,l
2026-02-06 00:11:23,8.03000,441.37670000,s,l
2026-02-06 00:11:23,8.03000,40.46620000,s,l
2026-02-06 00:11:23,8.03000,684.10134644,s,l
2026-02-06 00:11:23,8.03000,6.18144223,s,l
2026-02-06 00:11:24,8.02000,43.87500000,s,l
2026-02-06 00:11:24,8.02000,973.53302852,s,l
2026-02-06 00:11:24,8.02000,40.27725000,s,l
2026-02-06 00:11:24,8.02000,829.06874450,s,l
2026-02-06 00:11:24,8.02000,554.34736260,s,l
2026-02-06 00:11:24,8.02000,83.98509316,s,l
2026-02-06 00:11:24,8.02000,744.92300000,s,l
2026-02-06 00:11:24,8.02000,672.28450020,s,l
2026-02-06 00:11:25,8.02000,651.50160041,s,l
2026-02-06 00:11:25,8.02000,711.16265762,s,l
2026-02-06 00:11:26,8.01000,37.45318352,s,m
2026-02-06 00:11:26,8.01000,17.64705882,s,m
2026-02-06 00:11:26,8.01000,12.48439450,s,m
2026-02-06 00:11:26,8.00000,25.00000000,s,m
2026-02-06 00:11:26,8.00000,1.50000000,s,m
2026-02-06 00:11:26,8.00000,1.00000000,s,m
2026-02-06 00:11:26,8.00000,50.00000000,s,m
2026-02-06 00:11:26,8.00000,5.00000000,s,m
2026-02-06 00:11:26,8.00000,0.26375000,s,m
2026-02-06 00:11:26,8.00000,31.25000000,s,m
2026-02-06 00:11:26,8.00000,10.00000000,s,m
2026-02-06 00:11:26,8.00000,3.00000000,s,m
2026-02-06 00:11:26,8.00000,15.65625000,s,m
2026-02-06 00:11:26,8.00000,43.87500000,s,m
2026-02-06 00:11:26,8.00000,6.00000000,s,m
2026-02-06 00:11:26,8.00000,39.41751187,s,m
2026-02-06 00:11:26,8.00000,660.19640620,s,m
2026-02-06 00:11:26,8.00000,6.02240429,s,m
2026-02-06 00:11:26,8.00000,468.75000000,s,m
2026-02-06 00:11:26,7.99000,43.87500000,s,m
2026-02-06 00:11:26,7.99000,605.79553062,s,m
2026-02-06 00:11:26,7.99000,168.62949342,s,m
2026-02-06 00:11:26,7.99000,104.08637120,s,m
2026-02-06 00:11:26,7.99000,365.25029963,s,m
2026-02-06 00:11:26,7.99000,268.17200000,s,m
2026-02-06 00:11:26,7.99000,495.52000000,s,m
2026-02-06 00:11:26,7.98000,125.31328319,s,m
2026-02-06 00:11:26,7.98000,150.37593984,s,m
2026-02-06 00:11:26,7.98000,50.12531327,s,m
2026-02-06 00:11:26,7.98000,50.12531326,s,m
2026-02-06 00:11:26,7.98000,150.37593984,s,m
2026-02-06 00:11:26,7.98000,158.56190131,s,m
2026-02-06 00:11:26,7.98000,20.00000000,s,m
2026-02-06 00:11:26,7.98000,25.00000000,s,m
2026-02-06 00:11:26,7.98000,43.87500000,s,m
2026-02-06 00:11:26,7.98000,613.92778518,s,m
2026-02-06 00:11:26,7.98000,126.47487004,s,m
2026-02-06 00:11:27,8.01000,3.71325211,s,m
2026-02-06 00:11:27,8.01000,43.87500000,s,m
2026-02-06 00:11:27,8.00000,494.26167664,s,m
2026-02-06 00:11:27,8.00000,43.87500000,s,m
2026-02-06 00:11:27,8.00000,38.00000000,s,m
2026-02-06 00:11:27,8.00000,659.52058019,s,m
2026-02-06 00:11:27,8.00000,308.02500165,s,m
2026-02-06 00:11:27,8.00000,41.24716700,s,m
2026-02-06 00:11:27,8.00000,6.00000000,s,m
2026-02-06 00:11:27,7.99000,268.35600000,s,m
2026-02-06 00:11:27,7.99000,93.12632241,s,m
2026-02-06 00:11:42,8.05000,5.11757078,s,m
2026-02-06 00:11:42,8.04000,44.88242922,s,m
2026-02-06 00:11:42,8.04000,355.10653600,s,m
2026-02-06 00:11:42,8.04000,94.27271142,s,m
2026-02-06 00:11:42,8.04000,0.62075258,s,m
2026-02-06 00:11:44,8.04000,23.85177691,b,l
2026-02-06 00:11:46,8.03000,64.78493979,s,l
2026-02-06 00:11:50,8.04000,43.87500000,s,l
2026-02-06 00:11:50,8.04000,20.86837538,s,l
2026-02-06 00:11:56,8.02000,43.87500000,s,m
2026-02-06 00:11:56,8.02000,494.26167664,s,m
2026-02-06 00:11:56,8.02000,10.15953000,s,m
2026-02-06 00:11:56,8.02000,62.68817003,s,m
2026-02-06 00:12:06,8.02000,43.87500000,s,l
2026-02-06 00:12:27,8.04000,2.91403665,s,l
2026-02-06 00:12:30,8.05000,2.52565870,b,m
2026-02-06 00:12:31,8.04000,466.41791044,b,l
2026-02-06 00:12:31,8.04000,43.87500000,b,l
2026-02-06 00:12:31,8.04000,494.26167664,b,l
2026-02-06 00:12:31,8.04000,268.31300000,b,l
2026-02-06 00:12:31,8.04000,1727.13241292,s,l
2026-02-06 00:12:35,8.04000,0.63068267,b,l
2026-02-06 00:12:51,8.04000,0.16750919,s,l
2026-02-06 00:12:51,8.04000,0.16750919,s,l
2026-02-06 00:12:51,8.04000,0.16750919,s,l
2026-02-06 00:12:51,8.04000,0.16750919,s,l
2026-02-06 00:12:51,8.04000,0.16750919,s,l
2026-02-06 00:12:51,8.04000,0.16750919,s,l
2026-02-06 00:12:51,8.04000,0.16750919,s,l
2026-02-06 00:12:51,8.04000,0.16723871,s,l
2026-02-06 00:12:51,8.04000,0.16723871,s,l
2026-02-06 00:12:51,8.04000,0.16723871,s,l
2026-02-06 00:12:51,8.04000,0.16723871,s,l
2026-02-06 00:12:51,8.04000,0.01072855,s,l
2026-02-06 00:13:08,8.03000,1.04403045,s,l
2026-02-06 00:13:09,8.02000,1.04400000,s,l
2026-02-06 00:13:09,8.02000,0.00003045,s,l
2026-02-06 00:13:13,8.02000,0.96773953,s,l
2026-02-06 00:13:14,8.01000,0.73220000,s,l
2026-02-06 00:13:14,8.01000,0.00008590,s,l
2026-02-06 00:13:14,8.01000,0.56231410,s,l
2026-02-06 00:13:14,8.01000,0.00010106,s,l
2026-02-06 00:13:15,8.00000,0.54500000,s,l
2026-02-06 00:13:15,8.00000,0.36330000,s,l
2026-02-06 00:13:15,8.00000,0.00007171,s,l
2026-02-06 00:13:16,8.01000,1.00000000,b,m
2026-02-06 00:13:16,7.99000,494.26167664,s,m
2026-02-06 00:13:16,7.99000,0.54505757,s,m
2026-02-06 00:13:16,7.99000,43.87500000,s,m
2026-02-06 00:13:16,7.99000,656.56460643,s,m
2026-02-06 00:13:16,7.99000,133.52080755,s,m
2026-02-06 00:13:16,7.99000,6.96879700,s,m
2026-02-06 00:13:16,7.98000,43.87500000,s,m
2026-02-06 00:13:16,7.98000,50.42041948,s,m
2026-02-06 00:13:16,7.98000,220.47724790,s,m
2026-02-06 00:13:16,7.98000,168.84968675,s,m
2026-02-06 00:13:16,7.98000,182.24298170,s,m
2026-02-06 00:13:16,7.98000,10.96008867,s,m
2026-02-06 00:13:16,8.01000,340.90909090,b,m
2026-02-06 00:13:17,8.00000,0.54500000,s,l
2026-02-06 00:13:17,8.00000,0.00005757,s,l
2026-02-06 00:13:17,8.00000,0.48694243,s,l
2026-02-06 00:13:17,8.00000,0.00016352,s,l
2026-02-06 00:13:18,7.98000,0.44050000,s,l
2026-02-06 00:13:18,7.98000,0.00004528,s,l
2026-02-06 00:13:18,7.98000,0.32565339,s,l
2026-02-06 00:13:19,7.97000,250.94102884,s,l
2026-02-06 00:13:19,7.97000,50.18820575,s,l
2026-02-06 00:13:19,7.97000,62.73525719,s,l
2026-02-06 00:13:19,7.97000,1831.15779903,s,l
2026-02-06 00:13:19,7.97000,153.66330000,s,l
2026-02-06 00:13:19,7.97000,1301.56960000,s,l
2026-02-06 00:13:19,7.97000,34.55879527,s,l
2026-02-06 00:13:19,7.97000,31.53772616,s,l
2026-02-06 00:13:19,7.97000,265.97481760,s,l
2026-02-06 00:13:19,7.97000,260.00000000,s,l
2026-02-06 00:13:19,7.97000,260.00000000,s,l
2026-02-06 00:13:19,7.97000,994.56020690,s,l
2026-02-06 00:13:19,7.97000,260.00000000,s,l
2026-02-06 00:13:19,7.97000,260.00000000,s,l
2026-02-06 00:13:19,7.97000,260.00000000,s,l
2026-02-06 00:13:19,7.97000,911.22305940,s,l
2026-02-06 00:13:19,7.97000,0.46098454,s,l
2026-02-06 00:13:19,7.97000,21.12086992,s,l
2026-02-06 00:13:19,7.96000,43.87500000,b,l
2026-02-06 00:13:19,7.97000,43.87500000,b,l
2026-02-06 00:13:19,7.97000,3.30836000,b,l
2026-02-06 00:13:20,7.96000,4.32136000,b,l
2026-02-06 00:13:20,7.96000,1.23467000,b,l
2026-02-06 00:13:20,7.96000,14.59667000,b,l
2026-02-06 00:13:20,7.96000,6.17276000,b,l
2026-02-06 00:13:20,7.96000,17.54954000,b,l
2026-02-06 00:13:20,7.97000,165.74286650,b,l
2026-02-06 00:13:20,7.97000,17.39798051,b,l
2026-02-06 00:13:21,7.96000,21.34627047,s,m
2026-02-06 00:13:21,7.98000,23.73662000,b,l
2026-02-06 00:13:22,7.96000,0.31434113,s,l
2026-02-06 00:13:25,7.99000,36.85504000,b,l
2026-02-06 00:13:30,7.93000,8.01588827,s,l
2026-02-06 00:13:30,7.93000,0.10000000,s,l
2026-02-06 00:13:30,7.93000,0.73094902,s,l
2026-02-06 00:13:30,7.93000,4.12146271,s,l
2026-02-06 00:13:30,7.93000,0.00005305,s,l
2026-02-06 00:13:32,7.92000,4.00000000,s,m
2026-02-06 00:13:32,7.92000,65.44275829,s,m
2026-02-06 00:13:32,7.92000,43.87500000,s,m
2026-02-06 00:13:32,7.92000,8.18187800,s,m
2026-02-06 00:13:32,7.91000,17.40139212,s,m
2026-02-06 00:13:32,7.91000,43.87500000,s,m
2026-02-06 00:13:32,7.91000,36.36765700,s,m
2026-02-06 00:13:32,7.91000,653.50405406,s,m
2026-02-06 00:13:32,7.90000,43.87500000,s,m
2026-02-06 00:13:32,7.90000,356.34484761,s,m
2026-02-06 00:13:32,7.90000,280.92499785,s,m
2026-02-06 00:13:32,7.90000,1.39005515,s,m
2026-02-06 00:13:32,7.89000,3.16856780,s,m
2026-02-06 00:13:32,7.89000,43.87500000,s,m
2026-02-06 00:13:32,7.89000,638.49045581,s,m
2026-02-06 00:13:32,7.89000,300.90500000,s,m
2026-02-06 00:13:32,7.89000,170.77383682,s,m
2026-02-06 00:13:32,7.89000,270.87500000,s,m
2026-02-06 00:13:32,7.89000,16.72949949,s,m
2026-02-06 00:13:33,7.93000,12.39346000,b,l
2026-02-06 00:13:36,7.92000,43.87500000,b,l
2026-02-06 00:13:36,7.92000,81.19290000,b,l
2026-02-06 00:13:36,7.92000,77.56315000,b,l
2026-02-06 00:13:36,7.91000,10.48929325,s,l
2026-02-06 00:13:36,7.92000,0.32599382,s,l
2026-02-06 00:13:36,7.92000,43.87500000,s,l
2026-02-06 00:13:37,7.95000,6.12820000,b,l
2026-02-06 00:13:38,7.93000,0.32599382,s,l
2026-02-06 00:13:38,7.93000,43.87500000,s,l
2026-02-06 00:13:38,7.92000,21.18387583,s,l
2026-02-06 00:13:38,7.94000,0.32590000,s,l
2026-02-06 00:13:38,7.94000,0.00009382,s,l
2026-02-06 00:13:43,7.93000,126.75534000,s,l
2026-02-06 00:13:43,7.93000,123.82590000,s,l
2026-02-06 00:13:43,7.93000,34.31240000,s,l
2026-02-06 00:13:43,7.93000,85.14011335,s,l
2026-02-06 00:13:43,7.93000,556.71951487,s,l
2026-02-06 00:13:43,7.93000,555.96516324,s,l
2026-02-06 00:13:44,7.93000,60.75100000,s,l
2026-02-06 00:13:44,7.93000,53.70000000,s,l
2026-02-06 00:13:44,7.93000,60.00000000,s,l
2026-02-06 00:13:44,7.93000,43.87580002,s,l
2026-02-06 00:13:45,7.93000,85.14011335,s,l
2026-02-06 00:13:45,7.93000,9.38840000,s,l
2026-02-06 00:13:45,7.93000,53.51160000,s,l
2026-02-06 00:13:45,7.93000,4.19571730,s,l
2026-02-06 00:13:45,7.94000,43.87500000,b,l
2026-02-06 00:13:45,7.94000,502.51400000,b,l
2026-02-06 00:13:45,7.94000,188.91687657,b,l
2026-02-06 00:13:45,7.95000,43.87500000,b,l
2026-02-06 00:13:45,7.95000,272.04200000,b,l
2026-02-06 00:13:45,7.95000,95.49606130,b,l
2026-02-06 00:13:45,7.94000,5.57705000,b,l
2026-02-06 00:13:52,7.93000,0.42605724,s,l
2026-02-06 00:13:55,7.90000,0.32344347,s,m
2026-02-06 00:13:55,7.90000,21.68776371,s,m
2026-02-06 00:13:55,7.90000,43.87500000,s,m
2026-02-06 00:13:58,7.94000,10.66469194,s,m
2026-02-06 00:14:03,7.89000,0.35327754,s,l
2026-02-06 00:14:04,7.88000,0.45908478,s,l
2026-02-06 00:14:04,7.87000,117.99721156,s,l
2026-02-06 00:14:04,7.87000,389.03448844,s,l
2026-02-06 00:14:05,7.86000,260.00000000,s,l
2026-02-06 00:14:05,7.86000,45.00350000,s,l
2026-02-06 00:14:05,7.86000,208.31186354,s,l
2026-02-06 00:14:05,7.86000,50.89058523,s,l
2026-02-06 00:14:05,7.86000,0.79755123,s,l
2026-02-06 00:14:05,7.86000,0.00001544,s,l
2026-02-06 00:14:05,7.86000,0.45908478,s,l
2026-02-06 00:14:06,7.84000,1.12485939,s,m
2026-02-06 00:14:06,7.83000,2.09700000,s,l
2026-02-06 00:14:07,7.83000,0.00000600,s,l
2026-02-06 00:14:07,7.83000,6.07207240,b,l
2026-02-06 00:14:08,7.82000,0.41341105,s,l
2026-02-06 00:14:08,7.82000,63.38448422,s,l
2026-02-06 00:14:08,7.83000,43.87500000,s,l
2026-02-06 00:14:09,7.83000,0.34730000,s,l
2026-02-06 00:14:09,7.83000,0.00009571,s,l
2026-02-06 00:14:09,7.83000,0.69860000,s,l
2026-02-06 00:14:09,7.84000,171.85485635,s,l
2026-02-06 00:14:09,7.84000,43.87500000,s,l
2026-02-06 00:14:09,7.84000,680.66650000,b,l
2026-02-06 00:14:09,7.84000,0.00004004,b,m
2026-02-06 00:14:09,7.85000,2.59740356,b,m
2026-02-06 00:14:09,7.84000,33.44982984,s,l
2026-02-06 00:14:09,7.84000,10.42517016,s,l
2026-02-06 00:14:10,7.84000,86.33620689,s,l
2026-02-06 00:14:11,7.85000,0.49300000,s,l
2026-02-06 00:14:11,7.85000,0.00009521,s,l
2026-02-06 00:14:11,7.85000,2.55102040,b,m
2026-02-06 00:14:12,7.84000,0.72561318,s,l
2026-02-06 00:14:12,7.84000,18.27438682,s,l
2026-02-06 00:14:12,7.85000,0.67445415,s,l
2026-02-06 00:14:12,7.85000,895.72190000,b,l
2026-02-06 00:14:12,7.85000,0.00004224,b,l
2026-02-06 00:14:13,7.86000,0.70250000,s,l
2026-02-06 00:14:13,7.86000,0.00003509,s,l
2026-02-06 00:14:13,7.86000,0.70253509,s,l
2026-02-06 00:14:13,7.86000,43.87500000,s,l
2026-02-06 00:14:14,7.87000,297.63130000,b,l
2026-02-06 00:14:14,7.87000,598.76500000,b,l
2026-02-06 00:14:14,7.87000,0.00009639,b,l
2026-02-06 00:14:15,7.85000,0.70250000,s,l
2026-02-06 00:14:15,7.85000,0.00003509,s,l
2026-02-06 00:14:15,7.83000,2.80000000,s,l
2026-02-06 00:14:15,7.82000,0.63690000,s,l
2026-02-06 00:14:15,7.82000,0.00007621,s,l
2026-02-06 00:14:15,7.82000,0.63672379,s,l
2026-02-06 00:14:17,7.80000,0.63690000,s,l
2026-02-06 00:14:17,7.80000,0.00007621,s,l
2026-02-06 00:14:17,7.80000,0.63672379,s,l
2026-02-06 00:14:17,7.78000,9.24730000,s,l
2026-02-06 00:14:17,7.79000,6.54685494,b,m
2026-02-06 00:14:17,7.78000,0.63690000,s,l
2026-02-06 00:14:18,7.79000,43.87500000,s,l
2026-02-06 00:14:18,7.79000,852.52130000,b,l
2026-02-06 00:14:18,7.79000,0.00009639,b,l
2026-02-06 00:14:19,7.79000,43.87500000,s,l
2026-02-06 00:14:19,7.80000,0.67497145,s,l
2026-02-06 00:14:19,7.80000,43.87500000,s,l
2026-02-06 00:14:19,7.80000,851.84640000,b,l
2026-02-06 00:14:19,7.80000,0.00002494,b,l
2026-02-06 00:14:19,7.80000,262.06627506,b,l
2026-02-06 00:14:19,7.80000,520.00000000,b,l
2026-02-06 00:14:19,7.80000,114.33000000,b,l
2026-02-06 00:14:19,7.80000,0.00012133,b,l
2026-02-06 00:14:19,7.81000,0.66152891,s,l
2026-02-06 00:14:19,7.81000,43.87500000,s,l
2026-02-06 00:14:19,7.80000,42.80192307,s,l
2026-02-06 00:14:20,7.81000,0.45026652,s,l
2026-02-06 00:14:20,7.81000,0.67497145,s,l
2026-02-06 00:14:21,7.82000,0.29099007,b,l
2026-02-06 00:14:21,7.82000,0.29099007,b,l
2026-02-06 00:14:22,7.83000,0.26852591,s,l
2026-02-06 00:14:23,7.84000,0.29099007,b,l
2026-02-06 00:14:24,7.85000,43.87500000,b,l
2026-02-06 00:14:25,7.86000,0.87659576,s,l
2026-02-06 00:14:25,7.86000,0.87650000,s,l
2026-02-06 00:14:26,7.85000,0.87650000,s,l
2026-02-06 00:14:26,7.85000,43.87500000,b,l
2026-02-06 00:14:27,7.85000,43.87500000,b,l
2026-02-06 00:14:27,7.85000,171.64344952,b,l
2026-02-06 00:14:27,7.86000,43.87500000,b,l
2026-02-06 00:14:27,7.86000,381.23900000,b,l
2026-02-06 00:14:27,7.86000,359.36750000,s,l
2026-02-06 00:14:27,7.86000,0.00005048,s,l
2026-02-06 00:14:27,7.84000,0.87659576,s,l
2026-02-06 00:14:27,7.83000,7.66630424,s,l
2026-02-06 00:14:29,7.83000,0.55950000,s,l
2026-02-06 00:14:30,7.81000,0.69550000,s,l
2026-02-06 00:14:30,7.81000,0.00004533,s,l
2026-02-06 00:14:30,7.81000,0.50775467,s,l
2026-02-06 00:14:32,7.83000,3.43173627,b,m
2026-02-06 00:14:34,7.82000,0.73094902,s,m
2026-02-06 00:14:35,7.82000,0.38210000,s,l
2026-02-06 00:14:35,7.82000,0.00004960,s,l
2026-02-06 00:14:35,7.81000,0.38210000,s,l
2026-02-06 00:14:37,7.79000,0.28340000,s,l
2026-02-06 00:14:37,7.79000,0.00000382,s,l
2026-02-06 00:14:37,7.79000,0.28329618,s,l
2026-02-06 00:14:38,7.78000,14.96250000,s,l
2026-02-06 00:14:38,7.78000,51.36243660,s,l
2026-02-06 00:14:38,7.78000,0.28340000,s,l
2026-02-06 00:14:38,7.78000,0.00000382,s,l
2026-02-06 00:14:38,7.78000,0.28329618,s,l
2026-02-06 00:14:38,7.78000,0.28340000,s,l
2026-02-06 00:14:38,7.78000,0.00000382,s,l
2026-02-06 00:14:38,7.77000,87.97849618,s,l
2026-02-06 00:14:38,7.77000,12.02150382,s,l
2026-02-06 00:14:38,7.77000,1.35000000,s,l
2026-02-06 00:14:38,7.77000,2.77000000,s,l
2026-02-06 00:14:38,7.77000,7.00000000,s,l
2026-02-06 00:14:38,7.77000,7.28619618,s,l
2026-02-06 00:14:38,7.77000,0.00008082,s,l
2026-02-06 00:14:38,7.78000,0.28340000,s,l
2026-02-06 00:14:38,7.77000,41.58780000,s,l
2026-02-06 00:14:38,7.77000,24.77810000,s,l
2026-02-06 00:14:40,7.77000,5.05946000,b,l
2026-02-06 00:14:40,7.76000,34.34194373,b,m
2026-02-06 00:14:40,7.74000,5.49686800,s,l
2026-02-06 00:14:40,7.74000,2.32163200,s,l
2026-02-06 00:14:41,7.74000,0.00009700,s,l
2026-02-06 00:14:41,7.73000,8.22320000,s,l
2026-02-06 00:14:41,7.73000,0.00008512,s,l
2026-02-06 00:14:42,7.75000,25.36261000,b,l
2026-02-06 00:14:42,7.72000,60.00000000,s,l
2026-02-06 00:14:42,7.72000,8.97050000,s,l
2026-02-06 00:14:43,7.74000,12.42500000,b,l
2026-02-06 00:14:43,7.74000,23.57500000,b,l
2026-02-06 00:14:44,7.71000,110.91050000,s,l
2026-02-06 00:14:44,7.71000,0.00000584,s,l
2026-02-06 00:14:44,7.72000,2.58397932,b,m
2026-02-06 00:14:44,7.70000,3.24675324,s,l
2026-02-06 00:14:44,7.70000,6.56031676,s,l
2026-02-06 00:14:44,7.71000,31.53772616,s,l
2026-02-06 00:14:45,7.71000,12.33727384,s,l
2026-02-06 00:14:45,7.74000,102.66000000,b,l
2026-02-06 00:14:47,7.74000,0.32750000,s,l
2026-02-06 00:14:47,7.74000,0.00001724,s,l
2026-02-06 00:14:47,7.74000,0.32738276,s,l
2026-02-06 00:14:47,7.74000,0.00011724,s,l
2026-02-06 00:14:47,7.75000,0.32751724,s,l
2026-02-06 00:14:47,7.75000,43.87499276,s,l
2026-02-06 00:14:49,7.79000,360.11540000,b,l
2026-02-06 00:14:49,7.79000,121.27090000,b,l
2026-02-06 00:14:50,7.81000,138.72910000,b,l
2026-02-06 00:14:50,7.81000,260.00000000,b,l
2026-02-06 00:14:50,7.81000,358.93810000,b,l
2026-02-06 00:14:50,7.81000,138.72910000,b,l
2026-02-06 00:14:51,7.81000,0.00009639,b,l
2026-02-06 00:14:51,7.81000,43.87500000,s,l
2026-02-06 00:14:52,7.79000,43.87500000,s,l
2026-02-06 00:14:52,7.79000,43.87500000,s,l
2026-02-06 00:14:52,7.78000,58.00000000,s,l
2026-02-06 00:14:52,7.78000,8.34839407,s,l
2026-02-06 00:14:52,7.77000,19.00000000,s,l
2026-02-06 00:14:55,7.77000,43.87500000,s,l
2026-02-06 00:14:55,7.78000,43.87500000,b,l
2026-02-06 00:14:58,7.80000,43.87500000,b,l
2026-02-06 00:15:02,7.78000,2.05904176,b,m
2026-02-06 00:15:02,7.80000,10.01910000,b,l
2026-02-06 00:15:04,7.82000,43.87500000,s,l
2026-02-06 00:15:04,7.81000,14.12500000,s,l
2026-02-06 00:15:04,7.81000,8.22601227,s,l
2026-02-06 00:15:07,7.87000,0.41842589,b,l
2026-02-06 00:15:07,7.87000,6.00000000,s,l
2026-02-06 00:15:08,7.85000,43.13642433,s,l
2026-02-06 00:15:10,7.85000,32.43277440,s,l
2026-02-06 00:15:13,7.86000,43.87500000,s,l
2026-02-06 00:15:16,7.83000,18.93942400,s,l
2026-02-06 00:15:17,7.82000,260.00000000,s,l
2026-02-06 00:15:17,7.82000,502.33280000,s,l
2026-02-06 00:15:17,7.82000,216.57730000,s,l
2026-02-06 00:15:17,7.82000,21.08990000,s,l
2026-02-06 00:15:18,7.79000,66.33900000,s,l
2026-02-06 00:15:18,7.79000,38.49510000,s,l
2026-02-06 00:15:18,7.79000,2.57828672,s,m
2026-02-06 00:15:18,7.79000,260.00000000,s,l
2026-02-06 00:15:18,7.79000,255.33440000,s,l
2026-02-06 00:15:18,7.79000,260.00000000,s,l
2026-02-06 00:15:19,7.79000,70.43590000,s,l
2026-02-06 00:15:19,7.79000,205.78580000,s,l
2026-02-06 00:15:19,7.79000,4.39760000,s,l
2026-02-06 00:15:19,7.79000,39.63550000,s,l
2026-02-06 00:15:19,7.79000,80.19270000,s,l
2026-02-06 00:15:19,7.79000,8.07650000,s,l
2026-02-06 00:15:19,7.79000,363.72110000,s,l
2026-02-06 00:15:19,7.79000,55.22970000,s,l
2026-02-06 00:15:19,7.79000,260.00000000,s,l
2026-02-06 00:15:19,7.79000,260.00000000,s,l
2026-02-06 00:15:19,7.79000,260.00000000,s,l
2026-02-06 00:15:19,7.80000,0.08422393,b,m
2026-02-06 00:15:19,7.79000,987.55640000,s,l
2026-02-06 00:15:19,7.79000,18.93942400,s,l
2026-02-06 00:15:19,7.79000,64.83700000,s,l
2026-02-06 00:15:19,7.79000,37.02355037,s,l
2026-02-06 00:15:19,7.79000,18.93942400,s,l
2026-02-06 00:15:19,7.79000,18.93942400,s,l
2026-02-06 00:15:19,7.79000,18.93942400,s,l
2026-02-06 00:15:19,7.79000,74.19999999,s,l
2026-02-06 00:15:19,7.79000,327.93424568,s,l
2026-02-06 00:15:19,7.79000,18.93942400,s,l
2026-02-06 00:15:19,7.79000,31.00000000,s,l
2026-02-06 00:15:19,7.79000,8.00000000,s,l
2026-02-06 00:15:19,7.79000,27.00000000,s,l
2026-02-06 00:15:19,7.79000,18.93942400,s,l
2026-02-06 00:15:19,7.79000,172.34803000,s,l
2026-02-06 00:15:19,7.79000,18.93942400,s,l
2026-02-06 00:15:19,7.79000,18.93942400,s,l
2026-02-06 00:15:20,7.79000,249.21176671,s,l
2026-02-06 00:15:20,7.79000,766.74100000,s,l
2026-02-06 00:15:20,7.79000,260.00000000,s,l
2026-02-06 00:15:20,7.79000,520.00000000,s,l
2026-02-06 00:15:20,7.79000,260.00000000,s,l
2026-02-06 00:15:20,7.79000,520.00000000,s,l
2026-02-06 00:15:20,7.79000,260.00000000,s,l
2026-02-06 00:15:20,7.79000,260.00000000,s,l
2026-02-06 00:15:20,7.79000,260.00000000,s,l
2026-02-06 00:15:20,7.79000,260.00000000,s,l
2026-02-06 00:15:20,7.79000,260.00000000,s,l
2026-02-06 00:15:20,7.79000,260.00000000,s,l
2026-02-06 00:15:20,7.79000,260.00000000,s,l
2026-02-06 00:15:20,7.79000,50.86000000,s,l
2026-02-06 00:15:20,7.79000,11.00000000,s,l
2026-02-06 00:15:20,7.79000,643.70179948,s,l
2026-02-06 00:15:20,7.79000,11.17000000,s,l
2026-02-06 00:15:20,7.79000,6.00000000,s,l
2026-02-06 00:15:20,7.79000,1.24596292,s,l
2026-02-06 00:15:21,7.79000,770.07702199,s,l
2026-02-06 00:15:21,7.79000,86.89974293,s,l
2026-02-06 00:15:22,7.79000,22.00000000,s,l
2026-02-06 00:15:22,7.79000,14.00000000,s,l
2026-02-06 00:15:22,7.79000,13.00000000,s,l
2026-02-06 00:15:22,7.79000,13.00000000,s,l
2026-02-06 00:15:22,7.79000,4.00000000,s,l
2026-02-06 00:15:22,7.79000,7.00000000,s,l
2026-02-06 00:15:22,7.79000,9.00000000,s,l
2026-02-06 00:15:22,7.79000,14.00000000,s,l
2026-02-06 00:15:22,7.79000,6.00000000,s,l
2026-02-06 00:15:22,7.79000,3.40000000,s,l
2026-02-06 00:15:22,7.79000,3.49777552,s,l
2026-02-06 00:15:22,7.79000,24.00000000,s,l
2026-02-06 00:15:22,7.79000,3.60000000,s,l
2026-02-06 00:15:23,7.80000,35.00000000,b,l
2026-02-06 00:15:23,7.79000,158.10000000,s,l
2026-02-06 00:15:24,7.80000,39.00000000,b,l
2026-02-06 00:15:25,7.81000,43.87500000,s,l
2026-02-06 00:15:30,7.79000,69.06731918,s,l
2026-02-06 00:15:30,7.79000,86.66826923,s,l
2026-02-06 00:15:32,7.79000,54.60000000,s,l
2026-02-06 00:15:32,7.79000,555.96516324,s,l
2026-02-06 00:15:32,7.79000,556.71951487,s,l
2026-02-06 00:15:32,7.79000,43.87500000,s,l
2026-02-06 00:15:33,7.79000,176.60964613,s,l
2026-02-06 00:15:33,7.79000,176.84927584,s,l
2026-02-06 00:15:33,7.79000,13.00000000,s,l
2026-02-06 00:15:33,7.79000,2.70000000,s,l
2026-02-06 00:15:33,7.79000,641.98717948,s,l
2026-02-06 00:15:34,7.79000,642.81129653,s,l
2026-02-06 00:15:35,7.79000,768.89300000,s,l
2026-02-06 00:15:35,7.79000,3.85038511,s,l
2026-02-06 00:15:35,7.79000,8.00000000,s,l
2026-02-06 00:15:35,7.79000,129.16194800,s,l
2026-02-06 00:15:35,7.77000,102.96010296,s,l
2026-02-06 00:15:35,7.77000,128.70012870,s,l
2026-02-06 00:15:35,7.77000,43.87500000,b,l
2026-02-06 00:15:35,7.77000,276.87900000,b,l
2026-02-06 00:15:35,7.77000,43.87500000,b,l
2026-02-06 00:15:35,7.77000,102.96010296,s,l
2026-02-06 00:15:35,7.77000,128.70012870,s,l
2026-02-06 00:15:35,7.77000,692.17490508,b,l
2026-02-06 00:15:35,7.77000,43.87500000,b,l
2026-02-06 00:15:35,7.77000,511.57400000,b,l
2026-02-06 00:15:36,7.77000,692.17490509,s,l
2026-02-06 00:15:36,7.76000,9.04761904,s,m
2026-02-06 00:15:37,7.77000,5.00000000,s,l
2026-02-06 00:15:39,7.77000,102.96010296,s,l
2026-02-06 00:15:39,7.77000,128.70012870,s,l
2026-02-06 00:15:39,7.77000,250.96525096,s,l
2026-02-06 00:15:40,7.77000,3.10000000,s,l
2026-02-06 00:15:41,7.78000,8.76478149,b,m
2026-02-06 00:15:42,7.77000,74.00000000,s,l
2026-02-06 00:15:42,7.77000,112.73520000,s,l
2026-02-06 00:15:42,7.77000,74.00000000,s,l
2026-02-06 00:15:42,7.77000,0.00006384,s,l
2026-02-06 00:15:42,7.76000,193.29896907,b,l
2026-02-06 00:15:42,7.77000,43.87500000,b,l
2026-02-06 00:15:42,7.77000,89.97311474,s,l
2026-02-06 00:15:43,7.77000,147.20085433,s,l
2026-02-06 00:15:43,7.76000,15.52382825,s,l
2026-02-06 00:15:43,7.76000,19.57378115,s,l
2026-02-06 00:15:43,7.76000,15.52382000,s,l
2026-02-06 00:15:43,7.77000,188.20666733,b,l
2026-02-06 00:15:43,7.77000,513.74551022,b,l
2026-02-06 00:15:43,7.77000,43.87500000,b,l
2026-02-06 00:15:43,7.77000,145.89636356,b,l
2026-02-06 00:15:43,7.77000,374.50000000,b,l
2026-02-06 00:15:43,7.77000,40.79922752,b,l
2026-02-06 00:15:43,7.77000,81.48505174,b,l
2026-02-06 00:15:43,7.77000,51.11036585,b,l
2026-02-06 00:15:43,7.77000,43.87500000,b,l
2026-02-06 00:15:43,7.77000,18.49136158,b,l
2026-02-06 00:15:43,7.77000,43.87500000,b,l
2026-02-06 00:15:45,7.76000,186.73520000,b,l
2026-02-06 00:15:45,7.76000,6.56370000,b,l
2026-02-06 00:15:45,7.76000,0.00006907,b,l
2026-02-06 00:15:46,7.77000,6.82500000,b,l
2026-02-06 00:15:46,7.78000,192.80200000,b,l
2026-02-06 00:15:46,7.79000,481.38630000,b,l
2026-02-06 00:15:46,7.79000,0.00009281,b,l
2026-02-06 00:15:46,7.80000,8.42930000,b,l
2026-02-06 00:15:49,7.76000,35.00000000,b,l
2026-02-06 00:15:50,7.75000,2.59744360,s,m
2026-02-06 00:15:50,7.78000,50.00000000,s,l
2026-02-06 00:15:52,7.78000,14.01028277,s,l
2026-02-06 00:15:55,7.75000,42.05503841,s,m
2026-02-06 00:15:55,7.78000,323.22400000,b,l
2026-02-06 00:15:56,7.80000,43.87500000,b,l
2026-02-06 00:15:56,7.81000,4.96792934,b,l
2026-02-06 00:15:56,7.81000,43.87500000,b,l
2026-02-06 00:15:56,7.81000,407.28207066,b,l
2026-02-06 00:15:57,7.78000,1.61970000,b,l
2026-02-06 00:15:57,7.78000,0.00005619,b,l
2026-02-06 00:16:03,7.84000,10.79510000,b,l
2026-02-06 00:16:04,7.84000,0.00006200,b,m
2026-02-06 00:16:04,7.84000,43.87500000,b,m
2026-02-06 00:16:04,7.86000,43.87500000,b,m
2026-02-06 00:16:04,7.86000,0.26409862,b,m
2026-02-06 00:16:04,7.86000,241.03971006,b,m
2026-02-06 00:16:04,7.87000,43.87500000,b,m
2026-02-06 00:16:04,7.87000,195.25294750,b,m
2026-02-06 00:16:15,7.82000,8.05545000,s,l
2026-02-06 00:16:20,7.78000,2.72029000,s,l
2026-02-06 00:16:22,7.78000,6.00000000,s,l
2026-02-06 00:16:22,7.80000,2.08811000,b,l
2026-02-06 00:16:23,7.81000,306.59722000,b,l
2026-02-06 00:16:24,7.80000,8.05545000,s,l
2026-02-06 00:16:26,7.76000,0.87505898,s,l
2026-02-06 00:16:26,7.76000,3.79600000,s,l
2026-02-06 00:16:26,7.76000,8.05545000,s,l
2026-02-06 00:16:26,7.76000,110.86947252,s,l
2026-02-06 00:16:26,7.76000,35.63728400,s,l
2026-02-06 00:16:27,7.76000,1.20519855,s,l
2026-02-06 00:16:27,7.76000,6.79910000,s,l
2026-02-06 00:16:28,7.76000,0.00009493,s,l
2026-02-06 00:16:28,7.76000,8.05535507,s,l
2026-02-06 00:16:29,7.76000,8.05545000,s,l
2026-02-06 00:16:32,7.73000,8.05545000,s,l
2026-02-06 00:16:32,7.73000,35.81955000,s,l
2026-02-06 00:16:33,7.73000,133.52080755,b,l
2026-02-06 00:16:33,7.73000,126.47919245,b,l
2026-02-06 00:16:33,7.73000,16.77370000,b,l
2026-02-06 00:16:33,7.73000,260.00000000,b,l
2026-02-06 00:16:33,7.73000,91.00870000,b,l
2026-02-06 00:16:33,7.73000,0.00008419,b,l
2026-02-06 00:16:35,7.74000,8.05545000,s,l
2026-02-06 00:16:38,7.75000,0.43250000,b,l
2026-02-06 00:16:40,7.75000,0.00005450,b,l
2026-02-06 00:16:53,7.82000,43.87500000,s,l
2026-02-06 00:16:56,7.80000,10.35039561,s,l
2026-02-06 00:16:56,7.83000,1.02171137,b,m
2026-02-06 00:17:05,7.89000,3.24286180,b,l
2026-02-06 00:17:05,7.89000,2.55669661,b,l
2026-02-06 00:17:10,7.95000,1.92809387,b,l
2026-02-06 00:17:10,7.95000,4.06620613,b,l
2026-02-06 00:17:11,7.95000,0.00007424,b,l
2026-02-06 00:17:11,7.96000,422.99692576,b,l
2026-02-06 00:17:11,7.96000,104.45770000,b,l
2026-02-06 00:17:11,7.96000,0.00000459,b,l
2026-02-06 00:17:11,7.96000,9.86900000,b,l
2026-02-06 00:17:12,7.98000,2.51256281,b,m
2026-02-06 00:17:12,7.98000,19.97320000,b,l
2026-02-06 00:17:13,7.98000,0.00009059,b,l
2026-02-06 00:17:13,7.99000,8.20670941,b,l
2026-02-06 00:17:13,7.99000,0.00012939,b,l
2026-02-06 00:17:13,7.99000,133.52067061,b,l
2026-02-06 00:17:13,7.99000,10.40910000,b,l
2026-02-06 00:17:13,7.99000,0.00006779,b,l
2026-02-06 00:17:14,8.00000,61.95830000,b,l
2026-02-06 00:17:14,7.99000,108.90144920,s,l
2026-02-06 00:17:15,7.99000,8.05545000,s,l
2026-02-06 00:17:22,7.95000,6.34026839,s,l
2026-02-06 00:17:23,7.93000,2.54540051,s,m
2026-02-06 00:17:32,7.93000,494.26160000,b,l
2026-02-06 00:17:34,7.91000,9.56453958,s,l
2026-02-06 00:17:36,7.93000,0.91125455,b,m
2026-02-06 00:17:36,7.93000,33.18412863,b,m
2026-02-06 00:17:36,7.90000,43.87500000,s,l
2026-02-06 00:17:39,7.89000,1.89745272,s,l
2026-02-06 00:17:45,7.90000,8.05545000,s,l
2026-02-06 00:17:46,7.91000,43.87500000,s,l
2026-02-06 00:17:47,7.91000,360.00120000,b,l
2026-02-06 00:17:47,7.91000,0.00003963,b,l
2026-02-06 00:17:47,7.92000,43.87500000,s,l
2026-02-06 00:17:47,7.92000,326.45480000,b,l
2026-02-06 00:17:47,7.92000,0.00001641,b,l
2026-02-06 00:17:47,7.92000,370.33080000,b,l
2026-02-06 00:17:52,7.92000,0.00000171,b,l
2026-02-06 00:17:52,7.92000,369.95314196,b,l
2026-02-06 00:17:53,7.91000,504.89700000,s,l
2026-02-06 00:17:53,7.91000,43.87500000,s,l
2026-02-06 00:17:53,7.91000,90.68018627,s,l
2026-02-06 00:17:54,7.89000,43.87500000,s,l
2026-02-06 00:17:54,7.89000,504.68200000,s,l
2026-02-06 00:18:03,7.90000,7.28960000,b,l
2026-02-06 00:18:03,7.90000,260.00000000,b,l
2026-02-06 00:18:03,7.90000,34.69290000,b,l
2026-02-06 00:18:03,7.90000,0.00007370,b,l
2026-02-06 00:18:13,7.88000,0.31523416,s,l
2026-02-06 00:18:15,7.87000,0.31523416,s,l
2026-02-06 00:18:18,7.83000,35.71566277,s,m
2026-02-06 00:18:31,7.81000,4.13080000,s,l
2026-02-06 00:18:31,7.81000,0.00009244,s,l
2026-02-06 00:18:32,7.80000,600.72072499,s,l
2026-02-06 00:18:32,7.80000,77.78559620,s,l
2026-02-06 00:18:32,7.80000,322.32400000,s,l
2026-02-06 00:18:32,7.80000,19.93480000,s,l
2026-02-06 00:18:32,7.80000,211.93944050,s,l
2026-02-06 00:18:32,7.80000,44.56975950,s,l
2026-02-06 00:18:32,7.80000,0.00009136,s,l
2026-02-06 00:18:34,7.83000,6.00000000,b,l
2026-02-06 00:19:00,7.83000,1.82020000,b,l
2026-02-06 00:19:00,7.83000,0.00008792,b,l
2026-02-06 00:19:00,7.84000,2.20746661,b,l
2026-02-06 00:19:00,7.84000,247.05350465,b,l
2026-02-06 00:19:01,7.85000,6.00000000,b,l
2026-02-06 00:19:02,7.87000,2.55427841,b,m
2026-02-06 00:19:06,7.83000,1.61627989,b,l
2026-02-06 00:19:16,7.79000,257.79143316,b,l
2026-02-06 00:19:27,7.74000,2.59321447,s,l
2026-02-06 00:19:28,7.73000,8.22328512,s,l
2026-02-06 00:19:33,7.70000,94.47864427,s,l
2026-02-06 00:19:33,7.70000,162.33766234,s,l
2026-02-06 00:19:33,7.70000,43.87500000,s,l
2026-02-06 00:19:33,7.70000,3.31994945,s,l
2026-02-06 00:19:33,7.70000,11.39915100,s,l
2026-02-06 00:19:33,7.69000,2.00000000,s,l
2026-02-06 00:19:34,7.69000,48.43693107,s,l
2026-02-06 00:19:34,7.69000,43.87500000,s,l
2026-02-06 00:19:34,7.69000,143.73120000,b,l
2026-02-06 00:19:34,7.69000,0.00003389,b,l
2026-02-06 00:19:34,7.70000,243.62056611,b,l
2026-02-06 00:19:35,7.70000,0.00006338,b,l
2026-02-06 00:19:35,7.71000,235.48380000,b,l
2026-02-06 00:19:35,7.71000,0.00001695,b,l
2026-02-06 00:19:36,7.72000,4.52254000,b,l
2026-02-06 00:19:38,7.71000,9.00000000,s,l
2026-02-06 00:19:38,7.71000,5.96315283,s,l
2026-02-06 00:19:38,7.72000,263.39190000,b,l
2026-02-06 00:19:40,7.73000,665.47306880,s,l
2026-02-06 00:19:40,7.73000,88.02020000,s,l
2026-02-06 00:19:42,7.73000,2.59067357,b,m
2026-02-06 00:19:45,7.68000,67.08001810,s,l
2026-02-06 00:19:45,7.67000,26.31303841,s,l
2026-02-06 00:19:45,7.67000,43.87500000,s,l
2026-02-06 00:19:45,7.67000,103.25200000,s,l
2026-02-06 00:19:45,7.67000,37.34032100,s,l
2026-02-06 00:19:45,7.67000,488.91786179,s,l
2026-02-06 00:19:45,7.66000,43.87500000,s,l
2026-02-06 00:19:45,7.66000,0.81839086,s,l
2026-02-06 00:19:45,7.66000,195.82245430,s,l
2026-02-06 00:19:45,7.66000,175.90844768,s,l
2026-02-06 00:19:45,7.66000,900.53472124,s,l
2026-02-06 00:19:45,7.65000,43.87500000,s,l
2026-02-06 00:19:45,7.65000,640.69274832,s,l
2026-02-06 00:19:45,7.65000,277.75597600,s,l
2026-02-06 00:19:45,7.65000,310.60600000,s,l
2026-02-06 00:19:45,7.64000,43.87500000,s,l
2026-02-06 00:19:45,7.64000,2419.82487996,s,l
2026-02-06 00:19:45,7.64000,669.94132177,s,l
2026-02-06 00:19:45,7.63000,43.87500000,s,l
2026-02-06 00:19:45,7.63000,602.80705188,s,l
2026-02-06 00:19:45,7.63000,293.85728200,s,l
2026-02-06 00:19:45,7.63000,3253.35244993,s,l
2026-02-06 00:19:45,7.62000,43.87500000,s,l
2026-02-06 00:19:45,7.62000,2.65904289,s,l
2026-02-06 00:19:45,7.62000,332.93882400,s,l
2026-02-06 00:19:45,7.62000,232.95400000,s,l
2026-02-06 00:19:45,7.62000,562.43677449,b,l
2026-02-06 00:19:45,7.66000,8.60915400,s,l
2026-02-06 00:19:45,7.65000,176.13902489,s,l
2026-02-06 00:19:45,7.65000,43.87500000,s,l
2026-02-06 00:19:45,7.64000,310.60600000,s,l
2026-02-06 00:19:45,7.63000,43.87500000,s,l
2026-02-06 00:19:45,7.62000,76.70000000,s,l
2026-02-06 00:19:45,7.62000,43.87500000,s,l
2026-02-06 00:19:45,7.62000,232.95400000,s,l
2026-02-06 00:19:45,7.61000,43.87500000,s,l
2026-02-06 00:19:45,7.61000,28.08245363,s,l
2026-02-06 00:19:46,7.66000,6.00000000,s,l
2026-02-06 00:19:46,7.66000,6.77290000,s,l
2026-02-06 00:19:46,7.66000,0.00002900,s,l
2026-02-06 00:19:47,7.65000,260.00000000,s,l
2026-02-06 00:19:47,7.65000,22.31100000,s,l
2026-02-06 00:19:47,7.64000,279.92100000,s,l
2026-02-06 00:19:47,7.63000,20.00000000,s,l
2026-02-06 00:19:47,7.63000,80.00000000,s,l
2026-02-06 00:19:47,7.62000,21.86477999,s,l
2026-02-06 00:19:48,7.61000,21.86477999,s,l
2026-02-06 00:19:48,7.60000,1.04797595,s,l
2026-02-06 00:19:48,7.59000,0.20000000,s,l
2026-02-06 00:19:48,7.59000,43.87500000,s,l
2026-02-06 00:19:48,7.65000,67.28416118,s,l
2026-02-06 00:19:48,7.61000,5.51583882,s,l
2026-02-06 00:19:48,7.61000,6.58280000,s,l
2026-02-06 00:19:48,7.61000,0.00001018,s,l
2026-02-06 00:19:48,7.62000,6.54532000,b,l
2026-02-06 00:19:48,7.59000,43.87500000,s,l
2026-02-06 00:19:48,7.59000,43.87500000,s,l
2026-02-06 00:19:48,7.60000,22.81040000,b,l
2026-02-06 00:19:49,7.59000,11.29003300,s,l
2026-02-06 00:19:50,7.59000,3.41074134,b,l
2026-02-06 00:19:50,7.59000,3.41074134,b,l
2026-02-06 00:19:50,7.59000,43.87500000,s,m
2026-02-06 00:19:50,7.58000,43.87500000,s,m
2026-02-06 00:19:50,7.58000,10.26089300,s,m
2026-02-06 00:19:50,7.57000,28.74444700,s,m
2026-02-06 00:19:50,7.57000,15.13055300,s,m
2026-02-06 00:19:50,7.57000,108.69534700,s,m
2026-02-06 00:19:50,7.57000,34.31240000,s,m
2026-02-06 00:19:50,7.57000,85.14011335,s,m
2026-02-06 00:19:50,7.57000,556.71951487,s,m
2026-02-06 00:19:50,7.57000,555.96516324,s,m
2026-02-06 00:19:50,7.57000,60.75100000,s,m
2026-02-06 00:19:50,7.57000,53.70000000,s,m
2026-02-06 00:19:50,7.57000,60.00000000,s,m
2026-02-06 00:19:50,7.57000,43.87580002,s,m
2026-02-06 00:19:50,7.57000,85.14011335,s,m
2026-02-06 00:19:50,7.57000,9.38840000,s,m
2026-02-06 00:19:50,7.57000,53.51160000,s,m
2026-02-06 00:19:50,7.57000,4.19571730,s,m
2026-02-06 00:19:50,7.57000,292.23825227,s,m
2026-02-06 00:19:50,7.57000,518.56400000,s,m
2026-02-06 00:19:50,7.56000,43.87500000,s,m
2026-02-06 00:19:50,7.56000,280.54400000,s,m
2026-02-06 00:19:50,7.56000,11.49768560,s,m
2026-02-06 00:19:50,7.56000,11.41488888,s,m
2026-02-06 00:19:50,7.56000,496.03174603,s,m
2026-02-06 00:19:50,7.55000,132.45033112,s,m
2026-02-06 00:19:50,7.55000,0.73548349,s,m
2026-02-06 00:19:50,7.55000,43.13951651,s,m
2026-02-06 00:19:50,7.55000,311.91800000,s,m
2026-02-06 00:19:50,7.55000,4.30998349,s,m
2026-02-06 00:19:50,7.55000,0.00005048,s,m
2026-02-06 00:19:50,7.55000,194.36546271,s,m
2026-02-06 00:19:50,7.54000,8.43050318,s,m
2026-02-06 00:19:50,7.54000,43.87500000,s,m
2026-02-06 00:19:50,7.54000,13.32903411,s,m
2026-02-06 00:19:50,7.54000,165.37313525,s,m
2026-02-06 00:19:50,7.53000,0.50000000,s,m
2026-02-06 00:19:50,7.53000,0.66401062,s,m
2026-02-06 00:19:50,7.53000,43.87500000,s,m
2026-02-06 00:19:50,7.53000,233.63100000,s,m
2026-02-06 00:19:50,7.53000,58.28965413,s,m
2026-02-06 00:19:50,7.53000,78.52347687,s,m
2026-02-06 00:19:50,7.52000,132.97872340,s,m
2026-02-06 00:19:50,7.52000,5.07509973,s,m
2026-02-06 00:19:50,7.52000,21.08990000,s,m
2026-02-06 00:19:50,7.60000,0.00004823,b,l
2026-02-06 00:19:50,7.61000,6.99995177,b,l
2026-02-06 00:19:50,7.61000,22.00000000,b,l
2026-02-06 00:19:51,7.62000,7.00000000,b,l
2026-02-06 00:19:51,7.61000,9.29960000,s,l
2026-02-06 00:19:51,7.61000,2.63504611,b,m
2026-02-06 00:19:52,7.61000,4.76480057,b,l
2026-02-06 00:19:52,7.63000,5.00000000,b,l
2026-02-06 00:19:52,7.63000,6.00000000,b,l
2026-02-06 00:19:53,7.64000,2.81900000,s,l
2026-02-06 00:19:53,7.64000,2.44900000,s,l
2026-02-06 00:19:53,7.64000,4.42600000,s,l
2026-02-06 00:19:53,7.64000,3.35600000,s,l
2026-02-06 00:19:54,7.66000,43.87500000,b,l
2026-02-06 00:19:57,7.59000,43.87500000,s,m
2026-02-06 00:19:57,7.58000,43.87500000,s,m
2026-02-06 00:19:57,7.58000,112.25000000,s,m
2026-02-06 00:19:57,7.58000,85.63918205,s,m
2026-02-06 00:19:57,7.58000,10.36081795,s,m
2026-02-06 00:19:57,7.58000,100.00000000,s,m
2026-02-06 00:19:59,7.60000,6.00000000,b,l
2026-02-06 00:20:00,7.60000,3.90000000,b,l
2026-02-06 00:20:00,7.60000,7.00000000,b,l
2026-02-06 00:20:00,7.61000,6.00000000,b,l
2026-02-06 00:20:00,7.62000,3.30000000,b,l
2026-02-06 00:20:02,7.68000,98.52680000,b,l
2026-02-06 00:20:02,7.68000,158.83140000,b,l
2026-02-06 00:20:02,7.68000,0.00005303,b,l
2026-02-06 00:20:02,7.69000,235.01445333,b,l
2026-02-06 00:20:02,7.69000,257.04939364,b,l
2026-02-06 00:20:02,7.69000,0.00011349,b,l
2026-02-06 00:20:02,7.71000,283.50496156,b,l
2026-02-06 00:20:02,7.71000,105.59962495,b,l
2026-02-06 00:20:02,7.71000,416.22337505,b,l
2026-02-06 00:20:02,7.71000,103.77662495,b,l
2026-02-06 00:20:02,7.71000,178.69020000,b,l
2026-02-06 00:20:02,7.70000,256.55840000,b,l
2026-02-06 00:20:02,7.70000,0.00000250,b,l
2026-02-06 00:20:02,7.70000,487.01279750,b,l
2026-02-06 00:20:02,7.69000,0.29217260,s,l
2026-02-06 00:20:02,7.69000,256.62400000,b,l
2026-02-06 00:20:04,7.68000,43.87500000,s,l
2026-02-06 00:20:06,7.62000,176.83500000,b,l
2026-02-06 00:20:08,7.62000,0.55790000,s,l
2026-02-06 00:20:10,7.64000,0.56590000,s,l
2026-02-06 00:20:11,7.65000,0.61010000,s,l
2026-02-06 00:20:12,7.64000,0.61010000,s,l
2026-02-06 00:20:13,7.64000,39.37007874,b,m
2026-02-06 00:20:14,7.62000,0.96560284,s,m
2026-02-06 00:20:14,7.61000,33.37634089,s,m
2026-02-06 00:20:14,7.61000,0.96560284,s,l
2026-02-06 00:20:14,7.60000,0.54839716,s,l
2026-02-06 00:20:16,7.59000,138.88540000,s,l
2026-02-06 00:20:16,7.59000,26.54750000,s,l
2026-02-06 00:20:17,7.57000,0.85536917,s,l
2026-02-06 00:20:18,7.56000,496.03170000,b,l
2026-02-06 00:20:18,7.56000,43.87500000,s,l
2026-02-06 00:20:18,7.56000,43.87500000,s,m
2026-02-06 00:20:18,7.55000,43.87500000,s,m
2026-02-06 00:20:18,7.55000,0.77331584,s,m
2026-02-06 00:20:18,7.54000,43.87500000,s,m
2026-02-06 00:20:18,7.54000,367.60168416,s,m
2026-02-06 00:20:18,7.58000,10.07550000,b,l
2026-02-06 00:20:20,7.56000,0.77220000,s,l
2026-02-06 00:20:20,7.56000,0.00005181,s,l
2026-02-06 00:20:20,7.56000,0.70930000,s,l
2026-02-06 00:20:20,7.56000,0.00008378,s,l
2026-02-06 00:20:20,7.55000,0.93270000,s,l
2026-02-06 00:20:20,7.55000,0.00000334,s,l
2026-02-06 00:20:20,7.55000,258.36880000,b,l
2026-02-06 00:20:20,7.55000,0.00003142,b,l
2026-02-06 00:20:21,7.56000,1.04630000,s,l
2026-02-06 00:20:21,7.56000,0.00002165,s,l
2026-02-06 00:20:21,7.56000,0.98757835,s,l
2026-02-06 00:20:23,7.59000,43.87500000,b,l
2026-02-06 00:20:23,7.61000,6.00000000,b,l
2026-02-06 00:20:24,7.60000,0.98770000,s,l
2026-02-06 00:20:24,7.60000,0.00001803,s,l
2026-02-06 00:20:24,7.61000,0.88148722,s,l
2026-02-06 00:20:25,7.59000,0.60880000,s,l
2026-02-06 00:20:27,7.56000,4.89013332,s,l
2026-02-06 00:20:28,7.59000,4.34245000,b,l
2026-02-06 00:20:29,7.56000,0.71269220,s,m
2026-02-06 00:20:29,7.55000,8.04470425,s,m
2026-02-06 00:20:29,7.55000,9.27000200,s,l
2026-02-06 00:20:29,7.55000,0.80539800,s,l
2026-02-06 00:20:30,7.54000,0.80539800,s,l
2026-02-06 00:20:30,7.54000,0.68530000,s,l
2026-02-06 00:20:31,7.60000,1.37269451,b,m
2026-02-06 00:20:32,7.62000,7.48800000,b,l
2026-02-06 00:20:33,7.62000,0.64550000,s,l
2026-02-06 00:20:36,7.62000,6.00000000,b,l
2026-02-06 00:20:37,7.59000,0.89158472,s,l
2026-02-06 00:20:37,7.59000,3.50953527,s,l
2026-02-06 00:20:45,7.62000,0.74630000,s,l
2026-02-06 00:20:45,7.61000,0.64400000,s,l
2026-02-06 00:20:45,7.61000,0.00006240,s,l
2026-02-06 00:20:46,7.60000,0.73640000,s,l
2026-02-06 00:20:46,7.61000,243.65330000,s,l
2026-02-06 00:20:46,7.61000,249.11930000,s,l
2026-02-06 00:20:46,7.61000,0.00006754,s,l
2026-02-06 00:20:47,7.60000,0.00002737,s,m
2026-02-06 00:20:47,7.60000,0.61359104,s,m
2026-02-06 00:20:47,7.59000,0.11733061,s,m
2026-02-06 00:20:47,7.59000,0.69562202,s,l
2026-02-06 00:20:47,7.59000,67.86287798,s,l
2026-02-06 00:20:47,7.59000,0.00009036,s,l
2026-02-06 00:20:48,7.60000,3.20013347,b,l
2026-02-06 00:20:48,7.60000,40.67486653,b,l
2026-02-06 00:20:48,7.61000,43.87500000,b,l
2026-02-06 00:20:48,7.61000,177.87698874,b,l
2026-02-06 00:20:48,7.61000,492.77266754,b,l
2026-02-06 00:20:48,7.61000,45.00000000,b,l
2026-02-06 00:20:48,7.61000,197.10906701,b,l
2026-02-06 00:20:48,7.61000,343.40680000,s,l
2026-02-06 00:20:48,7.61000,1659.28461018,s,l
2026-02-06 00:20:50,7.59000,0.73640000,s,l
2026-02-06 00:20:50,7.59000,0.00002737,s,l
2026-02-06 00:20:51,7.61000,3.40178708,b,l
2026-02-06 00:20:51,7.61000,3.40178708,b,l
2026-02-06 00:20:51,7.61000,3.40178708,b,l
2026-02-06 00:20:53,7.64000,0.34160808,s,l
2026-02-06 00:20:54,7.64000,0.14040000,s,l
2026-02-06 00:20:54,7.64000,0.00006231,s,l
2026-02-06 00:20:56,7.62000,0.48200000,s,l
2026-02-06 00:20:56,7.62000,0.00007039,s,l
2026-02-06 00:20:56,7.61000,0.38360000,s,l
2026-02-06 00:20:57,7.60000,246.29780000,s,l
2026-02-06 00:20:57,7.60000,108.50360000,s,l
2026-02-06 00:20:57,7.60000,523.72900000,s,m
2026-02-06 00:20:57,7.60000,0.31186591,s,m
2026-02-06 00:20:57,7.59000,43.87500000,s,m
2026-02-06 00:20:57,7.59000,37.00000000,s,m
2026-02-06 00:20:57,7.59000,208.60000000,s,m
2026-02-06 00:20:57,7.59000,77.87999999,s,m
2026-02-06 00:20:57,7.59000,68.58134992,s,m
2026-02-06 00:20:57,7.59000,283.50500000,s,m
2026-02-06 00:20:57,7.58000,87.59709369,s,m
2026-02-06 00:20:58,7.60000,0.31180000,s,l
2026-02-06 00:21:00,7.63000,0.31150000,s,l
2026-02-06 00:21:00,7.63000,0.00005740,s,m
2026-02-06 00:21:00,7.63000,0.42656376,s,m
2026-02-06 00:21:01,7.66000,184.34880000,b,l
2026-02-06 00:21:01,7.66000,0.00009313,b,l
2026-02-06 00:21:02,7.68000,68.14877417,b,l
2026-02-06 00:21:02,7.68000,7.50242583,b,l
2026-02-06 00:21:02,7.68000,3.97240000,b,l
2026-02-06 00:21:02,7.68000,0.00005717,b,l
2026-02-06 00:21:02,7.69000,183.73754283,b,l
2026-02-06 00:21:02,7.67000,31.71123035,s,l
2026-02-06 00:21:03,7.67000,7.68442623,s,m
2026-02-06 00:21:03,7.68000,6.51041667,b,m
2026-02-06 00:21:06,7.67000,12.10860000,s,l
2026-02-06 00:21:06,7.67000,0.00001774,s,l
2026-02-06 00:21:09,7.67000,203.80130000,b,l
2026-02-06 00:21:09,7.67000,0.00007733,b,l
2026-02-06 00:21:09,7.69000,43.87500000,b,l
2026-02-06 00:21:09,7.69000,11.47069200,b,l
2026-02-06 00:21:09,7.69000,12.63630000,s,l
2026-02-06 00:21:09,7.69000,0.00001855,s,l
2026-02-06 00:21:10,7.70000,3.78630000,b,l
2026-02-06 00:21:10,7.70000,0.00005602,b,l
2026-02-06 00:21:11,7.72000,1.92800000,b,l
2026-02-06 00:21:11,7.72000,0.00009387,b,l
2026-02-06 00:21:12,7.74000,11.47629500,b,l
2026-02-06 00:21:12,7.74000,69.66370500,b,l
2026-02-06 00:21:12,7.74000,39.02880000,b,l
2026-02-06 00:21:15,7.77000,2.55660000,b,l
2026-02-06 00:21:18,7.77000,0.00009661,b,l
2026-02-06 00:21:18,7.77000,39.02880000,s,l
2026-02-06 00:21:18,7.77000,159.17510000,s,l
2026-02-06 00:21:18,7.77000,284.42158262,s,l
2026-02-06 00:21:21,7.79000,8.41364244,b,m
2026-02-06 00:21:21,7.80000,174.21526478,b,m
2026-02-06 00:21:21,7.80000,43.87500000,b,m
2026-02-06 00:21:21,7.81000,43.87500000,b,m
2026-02-06 00:21:21,7.81000,179.02895725,b,m
2026-02-06 00:21:21,7.81000,192.06145966,b,m
2026-02-06 00:21:21,7.82000,43.87500000,b,m
2026-02-06 00:21:21,7.82000,192.15208900,b,m
2026-02-06 00:21:21,7.82000,453.58289638,b,m
2026-02-06 00:21:27,7.83000,9.46291561,b,m
2026-02-06 00:21:31,7.80000,43.87500000,b,l
2026-02-06 00:21:32,7.80000,63.77320000,s,l
2026-02-06 00:21:32,7.80000,0.00003062,s,l
2026-02-06 00:21:34,7.79000,43.87500000,b,l
2026-02-06 00:21:34,7.79000,194.70748460,b,l
2026-02-06 00:21:34,7.80000,43.87500000,b,l
2026-02-06 00:21:34,7.80000,172.71228689,b,l
2026-02-06 00:21:34,7.80000,190.31356920,b,l
2026-02-06 00:21:34,7.80000,354.51665931,b,l
2026-02-06 00:21:35,7.78000,2.62924085,s,m
2026-02-06 00:21:37,7.81000,43.87500000,s,l
2026-02-06 00:21:41,7.82000,43.65906100,s,l
2026-02-06 00:21:42,7.81000,43.87500000,s,l
2026-02-06 00:21:42,7.81000,595.73979092,s,l
2026-02-06 00:21:42,7.80000,43.87500000,s,l
2026-02-06 00:21:42,7.80000,43.87500000,s,l
2026-02-06 00:21:44,7.79000,43.87500000,s,l
2026-02-06 00:21:44,7.80000,1.53452700,b,m
2026-02-06 00:21:47,7.81000,2.00000000,b,l
2026-02-06 00:21:50,7.80000,21.93750000,s,l
2026-02-06 00:21:50,7.80000,21.93750000,s,l
2026-02-06 00:21:50,7.79000,21.93750000,s,l
2026-02-06 00:21:57,7.79000,134.15155376,s,l
2026-02-06 00:22:06,7.74000,3.99681773,s,l
2026-02-06 00:22:07,7.74000,43.87500000,b,l
2026-02-06 00:22:07,7.75000,20.47506435,b,l
2026-02-06 00:22:08,7.75000,405.58083016,s,l
2026-02-06 00:22:08,7.75000,20.27904151,s,l
2026-02-06 00:22:13,7.73000,9.84240000,b,l
2026-02-06 00:22:13,7.72000,3.99681773,s,l
2026-02-06 00:22:15,7.74000,8.05630000,b,l
2026-02-06 00:22:16,7.74000,0.38599791,s,l
2026-02-06 00:22:16,7.74000,0.38599791,s,l
2026-02-06 00:22:16,7.74000,0.38599791,s,l
2026-02-06 00:22:16,7.74000,39.51521600,s,l
2026-02-06 00:22:16,7.74000,0.38599791,s,l
2026-02-06 00:22:16,7.74000,0.38599791,s,l
2026-02-06 00:22:16,7.74000,0.38599791,s,l
2026-02-06 00:22:16,7.74000,0.38599791,s,l
2026-02-06 00:22:16,7.74000,0.38599791,s,l
2026-02-06 00:22:16,7.74000,0.38599791,s,l
2026-02-06 00:22:16,7.74000,0.26353828,s,l
2026-02-06 00:22:16,7.75000,9.59430000,b,l
2026-02-06 00:22:19,7.76000,9.52407600,b,l
2026-02-06 00:22:19,7.76000,36.59852400,b,l
2026-02-06 00:22:19,7.76000,12.40140000,b,l
2026-02-06 00:22:27,7.79000,9.82349900,b,m
2026-02-06 00:22:27,7.79000,18.16751476,b,m
2026-02-06 00:22:34,7.76000,2.26731000,b,l
2026-02-06 00:23:04,7.79000,41.79683400,s,l
2026-02-06 00:23:07,7.81000,22.21186000,s,l
2026-02-06 00:23:11,7.83000,4.06628037,b,l
2026-02-06 00:23:11,7.83000,17.41881963,b,l
2026-02-06 00:23:12,7.83000,0.00007261,b,l
2026-02-06 00:23:15,7.84000,1.55589341,b,l
2026-02-06 00:23:15,7.84000,8.97820659,b,l
2026-02-06 00:23:15,7.84000,500.00000000,s,l
2026-02-06 00:23:17,7.83000,0.35568326,b,l
2026-02-06 00:23:20,7.79000,6.00000000,s,l
2026-02-06 00:23:37,7.75000,109.42000000,s,l
2026-02-06 00:23:38,7.75000,3.22997416,s,l
2026-02-06 00:23:38,7.74000,43.87500000,s,l
2026-02-06 00:23:38,7.74000,1.29135168,s,l
2026-02-06 00:24:03,7.79000,13.50860000,b,l
2026-02-06 00:24:03,7.79000,0.00001109,b,l
2026-02-06 00:24:03,7.80000,5.04920000,b,l
2026-02-06 00:24:05,7.80000,0.00001220,b,l
2026-02-06 00:24:12,7.82000,31.00000000,b,l
2026-02-06 00:24:31,7.80000,1.00000000,b,l
2026-02-06 00:24:35,7.78000,15.00000000,b,m
2026-02-06 00:24:44,7.80000,8.66591026,b,m
2026-02-06 00:24:44,7.78000,1.32863000,s,l
2026-02-06 00:24:46,7.79000,0.32714575,s,l
2026-02-06 00:24:46,7.79000,0.32714575,s,l
2026-02-06 00:24:46,7.79000,0.32714575,s,l
2026-02-06 00:25:00,7.81000,7.62058100,b,l
2026-02-06 00:25:00,7.81000,11.14114900,b,l
2026-02-06 00:25:02,7.80000,260.00000000,s,l
2026-02-06 00:25:02,7.80000,109.39950000,s,l
2026-02-06 00:25:02,7.80000,40.30504266,s,l
2026-02-06 00:25:11,7.81000,9.06210000,b,l
2026-02-06 00:25:15,7.83000,3.99925162,b,l
2026-02-06 00:25:15,7.83000,4.53937693,b,l
2026-02-06 00:25:21,7.78000,11.63614040,s,l
2026-02-06 00:25:33,7.77000,43.87500000,s,l
2026-02-06 00:25:38,7.80000,1.98200000,b,l
2026-02-06 00:25:40,7.80000,0.00003286,b,l
2026-02-06 00:25:41,7.80000,24.08000000,b,l
2026-02-06 00:25:56,7.80000,40.93371900,s,l
2026-02-06 00:26:00,7.79000,6.54685494,s,m
2026-02-06 00:26:01,7.82000,477.63310000,b,l
2026-02-06 00:26:01,7.82000,0.00005333,b,l
2026-02-06 00:26:02,7.84000,10.44120000,b,l
2026-02-06 00:26:09,7.86000,1.68385936,b,l
2026-02-06 00:26:09,7.86000,9.65814064,b,l
2026-02-06 00:26:09,7.87000,5.01690000,b,l
2026-02-06 00:26:09,7.87000,0.00003822,b,l
2026-02-06 00:26:11,7.86000,32.87672873,b,l
2026-02-06 00:26:18,7.88000,2.18690000,b,l
2026-02-06 00:26:18,7.88000,0.00007146,b,l
2026-02-06 00:26:31,7.83000,116.75968300,s,l
2026-02-06 00:26:31,7.83000,9.06210000,s,l
2026-02-06 00:26:31,7.83000,2.12330001,s,l
2026-02-06 00:26:33,7.82000,2.58497370,s,m
2026-02-06 00:26:40,7.80000,0.31979716,s,l
2026-02-06 00:26:40,7.80000,0.31979716,s,l
2026-02-06 00:26:40,7.80000,0.31979716,s,l
2026-02-06 00:26:40,7.80000,0.31979716,s,l
2026-02-06 00:26:40,7.80000,0.31979716,s,l
2026-02-06 00:26:40,7.80000,0.31979716,s,l
2026-02-06 00:26:40,7.80000,0.31979716,s,l
2026-02-06 00:26:40,7.80000,0.31979716,s,l
2026-02-06 00:26:40,7.80000,0.31979716,s,l
2026-02-06 00:26:40,7.80000,0.31979716,s,l
2026-02-06 00:26:40,7.80000,0.12773049,s,l
2026-02-06 00:26:42,7.80000,110.86947252,s,l
2026-02-06 00:26:42,7.80000,8.05545000,s,l
2026-02-06 00:26:42,7.80000,131.40450000,s,l
2026-02-06 00:26:42,7.80000,0.00000359,s,l
2026-02-06 00:26:42,7.79000,5.99999641,s,l
2026-02-06 00:26:47,7.80000,13.36385960,s,l
2026-02-06 00:26:50,7.80000,7.75618000,s,l
2026-02-06 00:26:57,7.80000,304.87804879,s,m
2026-02-06 00:26:57,7.80000,189.38362785,s,m
2026-02-06 00:26:57,7.80000,43.87500000,s,m
2026-02-06 00:26:57,7.80000,34.00000000,s,m
2026-02-06 00:26:57,7.79000,43.87500000,s,m
2026-02-06 00:26:57,7.79000,494.26167664,s,m
2026-02-06 00:26:57,7.79000,223.41127988,s,m
2026-02-06 00:27:03,7.81000,2.25080000,b,l
2026-02-06 00:27:05,7.81000,25.60810000,b,l
2026-02-06 00:27:09,7.81000,0.00009462,b,l
2026-02-06 00:27:10,7.82000,1.69510000,b,l
2026-02-06 00:27:11,7.82000,0.00009606,b,l
2026-02-06 00:27:20,7.83000,1.43340000,b,l
2026-02-06 00:27:21,7.83000,0.00004354,b,l
2026-02-06 00:27:21,7.84000,1.71190000,b,l
2026-02-06 00:27:21,7.84000,0.00009563,b,l
2026-02-06 00:27:24,7.86000,10.00000000,s,l
2026-02-06 00:27:39,7.83000,6.89655000,s,l
2026-02-06 00:27:53,7.86000,0.68709667,s,l
2026-02-06 00:27:53,7.86000,0.68709667,s,l
2026-02-06 00:27:53,7.86000,0.68709667,s,l
2026-02-06 00:27:53,7.86000,0.68709667,s,l
2026-02-06 00:27:53,7.86000,0.68709667,s,l
2026-02-06 00:27:53,7.86000,0.55197121,s,l
2026-02-06 00:27:55,7.86000,5.15985496,b,m
2026-02-06 00:28:51,7.84000,0.84094387,b,l
2026-02-06 00:29:03,7.87000,14.52096569,b,m
2026-02-06 00:29:04,7.85000,6.00000000,s,l
2026-02-06 00:29:07,7.86000,2.49216000,b,l
2026-02-06 00:29:08,7.86000,0.38193379,s,l
2026-02-06 00:29:08,7.86000,0.38193379,s,l
2026-02-06 00:29:08,7.86000,0.38193379,s,l
2026-02-06 00:29:08,7.86000,0.38193379,s,l
2026-02-06 00:29:08,7.86000,0.38193379,s,l
2026-02-06 00:29:08,7.86000,0.38193379,s,l
2026-02-06 00:29:08,7.86000,0.38193379,s,l
2026-02-06 00:29:08,7.86000,0.38193379,s,l
2026-02-06 00:29:08,7.86000,0.38193379,s,l
2026-02-06 00:29:38,7.87000,3.96568000,b,l
2026-02-06 00:30:06,7.84000,8.93160509,s,m
2026-02-06 00:30:13,7.87000,0.00000690,b,l
2026-02-06 00:30:29,7.86000,2.12593000,b,l
2026-02-06 00:30:39,7.87000,3.60000000,s,l
2026-02-06 00:30:41,7.89000,2.55669661,b,l
2026-02-06 00:30:41,7.89000,0.14330339,b,l
2026-02-06 00:30:43,7.89000,3.17266689,b,l
2026-02-06 00:30:43,7.89000,0.55825311,b,l
2026-02-06 00:30:45,7.89000,0.00000448,b,l
2026-02-06 00:30:48,7.89000,3.30643000,b,l
2026-02-06 00:31:03,7.88000,39.37007874,s,m
2026-02-06 00:31:07,7.91000,0.81634516,b,l
2026-02-06 00:31:07,7.91000,3.56315484,b,l
2026-02-06 00:31:07,7.91000,0.00000603,b,l
2026-02-06 00:31:08,7.94000,5.02480000,b,l
2026-02-06 00:31:08,7.94000,0.00005475,b,l
2026-02-06 00:31:08,7.94000,42.99994525,b,l
2026-02-06 00:31:08,7.94000,0.00005475,b,l
2026-02-06 00:31:12,7.95000,4.06628037,b,m
2026-02-06 00:31:12,7.95000,4.43612201,b,m
2026-02-06 00:31:20,7.90000,38.81250000,s,m
2026-02-06 00:31:20,7.90000,3.58960000,s,m
2026-02-06 00:31:20,7.90000,0.00001019,s,m
2026-02-06 00:31:20,7.90000,1.47288981,s,m
2026-02-06 00:31:20,7.90000,199.21749720,s,m
2026-02-06 00:31:29,7.95000,6.00000000,b,l
2026-02-06 00:31:36,7.94000,5.03144654,b,l
2026-02-06 00:31:50,7.95000,2.32872000,b,l
2026-02-06 00:32:06,7.90000,6.00000000,s,l
2026-02-06 00:32:21,7.91000,9.73644000,b,l
2026-02-06 00:32:22,7.91000,34.13856000,b,l
2026-02-06 00:32:22,7.91000,494.26167664,b,l
2026-02-06 00:32:22,7.91000,1.94678194,b,l
2026-02-06 00:32:22,7.91000,223.01448990,b,l
2026-02-06 00:32:22,7.91000,246.63849152,b,l
2026-02-06 00:32:36,7.91000,43.87500000,b,l
2026-02-06 00:32:36,7.92000,43.87500000,b,l
2026-02-06 00:32:36,7.92000,289.53563000,b,l
2026-02-06 00:32:44,7.90000,2.00080000,s,l
2026-02-06 00:33:01,7.90000,43.87500000,s,l
2026-02-06 00:33:15,7.94000,3.04282000,b,l
2026-02-06 00:33:20,7.94000,0.00000978,b,l
2026-02-06 00:33:26,7.98000,21.00559000,b,l
2026-02-06 00:33:26,7.97000,3.20000000,s,l
2026-02-06 00:33:29,7.97000,3.23000000,s,l
2026-02-06 00:34:04,7.99000,8.20683881,b,l
2026-02-06 00:34:04,7.99000,1.42618119,b,l
2026-02-06 00:34:05,8.00000,5.14810000,b,l
2026-02-06 00:34:16,7.98000,25.06260000,b,l
2026-02-06 00:34:16,7.98000,0.00005664,b,l
2026-02-06 00:34:24,8.00000,0.00000030,b,l
2026-02-06 00:34:24,8.01000,2.18697146,b,l
2026-02-06 00:34:24,8.01000,2.55668854,b,l
2026-02-06 00:34:25,8.01000,0.00000807,b,l
2026-02-06 00:34:27,8.02000,0.34793550,b,l
2026-02-06 00:34:32,8.02000,0.25882628,b,l
2026-02-06 00:34:41,8.07000,4.06628037,b,l
2026-02-06 00:34:41,8.07000,748.42898940,b,l
2026-02-06 00:34:41,8.07000,191.39190000,b,l
2026-02-06 00:34:42,8.07000,1621.70265459,b,l
2026-02-06 00:34:42,8.07000,21.27220156,s,l
2026-02-06 00:35:03,8.09000,3.16470000,b,l
2026-02-06 00:35:11,8.09000,0.00007007,b,l
2026-02-06 00:35:12,8.09000,1.23456791,s,m
2026-02-06 00:35:12,8.10000,9.46291561,b,l
2026-02-06 00:35:12,8.10000,117.93178439,b,l
2026-02-06 00:35:13,8.10000,0.00001635,b,l
2026-02-06 00:35:44,8.11000,13.62730000,b,l
2026-02-06 00:35:46,8.11000,2.86651000,b,l
2026-02-06 00:35:47,8.11000,2.00000000,b,m
2026-02-06 00:36:28,8.10000,1.25313284,b,m
2026-02-06 00:36:51,8.11000,1.84956843,s,l
2026-02-06 00:37:05,8.12000,0.79557303,b,m
2026-02-06 00:37:05,8.12000,2.32114700,b,m
2026-02-06 00:37:05,8.12000,3.01535144,b,m
2026-02-06 00:37:05,8.12000,6.18320074,b,m
2026-02-06 00:37:18,8.13000,0.59995000,b,l
2026-02-06 00:37:18,8.13000,1.95674661,b,l
2026-02-06 00:37:18,8.13000,5.30340339,b,l
2026-02-06 00:37:18,8.13000,0.00000361,b,l
2026-02-06 00:37:22,8.14000,2.18697146,b,l
2026-02-06 00:37:22,8.14000,4.84010854,b,l
2026-02-06 00:37:22,8.14000,0.00000781,b,l
2026-02-06 00:37:25,8.15000,21.12086000,b,l
2026-02-06 00:37:25,8.15000,0.00000992,b,l
2026-02-06 00:37:25,8.15000,5.85759727,s,l
2026-02-06 00:37:58,8.15000,22.76333000,b,l
2026-02-06 00:38:38,8.18000,3.44027000,b,l
2026-02-06 00:38:39,8.18000,0.00000233,b,l
2026-02-06 00:38:42,8.19000,7.99985000,b,l
2026-02-06 00:38:46,8.19000,0.00000674,b,l
2026-02-06 00:38:49,8.20000,0.62814071,b,m
2026-02-06 00:38:49,8.21000,4.06628037,b,m
2026-02-06 00:38:49,8.21000,43.87500000,b,m
2026-02-06 00:38:49,8.21000,494.26167664,b,m
2026-02-06 00:38:49,8.21000,4.95251811,b,m
2026-02-06 00:38:49,8.21000,85.83208051,b,m
2026-02-06 00:38:49,8.21000,419.36550088,b,m
2026-02-06 00:38:49,8.22000,1.88621700,b,m
2026-02-06 00:38:49,8.22000,43.87500000,b,m
2026-02-06 00:38:49,8.22000,359.42285524,b,m
2026-02-06 00:38:49,8.22000,2.46405144,b,m
2026-02-06 00:38:49,8.22000,124.20870897,b,m
2026-02-06 00:38:49,8.22000,487.72700000,b,m
2026-02-06 00:38:49,8.22000,2.72819426,b,m
2026-02-06 00:38:49,8.22000,34.16661866,b,m
2026-02-06 00:38:49,8.22000,2.46405144,b,m
2026-02-06 00:38:49,8.22000,23.01853630,b,m
2026-02-06 00:38:49,8.22000,494.26167664,b,m
2026-02-06 00:38:49,8.22000,85.00401950,b,m
2026-02-06 00:38:49,8.20000,146.39913090,s,l
2026-02-06 00:38:49,8.20000,195.19007585,s,l
2026-02-06 00:39:05,8.25000,12.03980000,b,l
2026-02-06 00:39:05,8.25000,0.00006991,b,l
2026-02-06 00:39:07,8.26000,2.55669661,b,l
2026-02-06 00:39:07,8.26000,4.02417432,b,l
2026-02-06 00:40:09,8.23000,0.72904009,s,m
2026-02-06 00:40:09,8.22000,14.40413141,s,m
2026-02-06 00:40:20,8.21000,1.02171137,s,m
2026-02-06 00:40:22,8.21000,2.50702831,s,m
2026-02-06 00:40:22,8.21000,2.54865246,s,m
2026-02-06 00:40:22,8.21000,2.46979814,s,m
2026-02-06 00:40:40,8.20000,6.15912743,s,l
2026-02-06 00:40:47,8.21000,11.71132000,b,l
2026-02-06 00:41:41,8.14000,1.53452700,s,m
2026-02-06 00:42:06,8.16000,3.02000000,b,l
2026-02-06 00:42:23,8.17000,0.16947000,b,l
2026-02-06 00:42:24,8.17000,72.69410000,b,l
2026-02-06 00:42:34,8.17000,0.00003076,b,l
2026-02-06 00:42:36,8.18000,0.30241000,b,l
2026-02-06 00:42:37,8.18000,0.34483403,b,l
2026-02-06 00:42:58,8.18000,514.77220000,b,l
2026-02-06 00:42:58,8.18000,0.00003178,b,l
2026-02-06 00:42:58,8.18000,455.63116822,b,l
2026-02-06 00:42:59,8.18000,0.00014518,b,l
2026-02-06 00:43:11,8.18000,43.87500000,s,l
2026-02-06 00:43:11,8.18000,146.75161863,s,l
2026-02-06 00:43:13,8.19000,5.37627427,b,l
2026-02-06 00:43:14,8.19000,38.49872573,b,l
2026-02-06 00:43:14,8.19000,1.42552427,b,l
2026-02-06 00:43:43,8.17000,127.01058673,s,m
2026-02-06 00:43:53,8.19000,2.69952834,b,l
2026-02-06 00:43:55,8.20000,6.09756098,b,m
2026-02-06 00:44:07,8.19000,448.95692560,b,l
2026-02-06 00:44:17,8.19000,387.35580000,b,l
2026-02-06 00:44:30,8.18000,5.31861642,s,l
2026-02-06 00:44:31,8.18000,17.48456206,s,l
2026-02-06 00:44:47,8.19000,6.10500611,b,m
2026-02-06 00:44:50,8.18000,260.00000000,b,l
2026-02-06 00:44:50,8.18000,151.28075139,b,l
2026-02-06 00:44:50,8.18000,0.41556215,b,l
2026-02-06 00:45:04,8.21000,3.58213000,b,l
2026-02-06 00:45:04,8.21000,0.00000809,b,l
2026-02-06 00:45:06,8.22000,2.10610000,b,l
2026-02-06 00:45:06,8.22000,0.00003219,b,l
2026-02-06 00:45:08,8.23000,4.99776476,b,l
2026-02-06 00:45:11,8.24000,4.41320080,b,l
2026-02-06 00:45:12,8.25000,611.89323455,b,l
2026-02-06 00:45:12,8.25000,8.22238675,b,l
2026-02-06 00:45:12,8.25000,19.14188600,b,l
2026-02-06 00:45:12,8.25000,956.15670000,b,l
2026-02-06 00:45:12,8.25000,651.32358528,b,l
2026-02-06 00:45:12,8.25000,193.67790000,b,l
2026-02-06 00:45:13,8.25000,0.16226000,b,l
2026-02-06 00:45:13,8.25000,740.16462266,b,l
2026-02-06 00:45:13,8.25000,19.14188600,b,l
2026-02-06 00:45:13,8.25000,956.15670000,b,l
2026-02-06 00:45:13,8.25000,96.83890000,b,l
2026-02-06 00:45:13,8.25000,19.14188600,b,l
2026-02-06 00:45:13,8.24000,0.76250000,s,l
2026-02-06 00:45:13,8.25000,609.35780344,b,l
2026-02-06 00:45:13,8.25000,227.16535342,b,l
2026-02-06 00:45:13,8.25000,264.13696715,b,l
2026-02-06 00:45:13,8.25000,297.66174482,b,l
2026-02-06 00:45:15,8.27000,43.87500000,b,l
2026-02-06 00:45:15,8.28000,2.18697146,b,l
2026-02-06 00:45:15,8.28000,43.87500000,b,l
2026-02-06 00:45:15,8.28000,83.95011854,b,l
2026-02-06 00:45:15,8.28000,43.87500000,b,l
2026-02-06 00:45:16,8.29000,3.08653101,b,l
2026-02-06 00:45:16,8.29000,0.60666899,b,l
2026-02-06 00:45:16,8.29000,0.00009279,b,l
2026-02-06 00:45:16,8.29000,2.96000000,s,l
2026-02-06 00:45:17,8.29000,0.73319721,s,m
2026-02-06 00:45:17,8.29000,1.71752436,s,m
2026-02-06 00:45:18,8.28000,43.87500000,b,l
2026-02-06 00:45:18,8.28000,43.87500000,s,l
2026-02-06 00:45:18,8.28000,43.87500000,b,l
2026-02-06 00:45:25,8.28000,46.57290000,b,l
2026-02-06 00:45:25,8.28000,23.28640000,b,l
2026-02-06 00:45:31,8.29000,67.36493065,s,l
2026-02-06 00:45:32,8.29000,11.64320000,b,l
2026-02-06 00:45:32,8.29000,5.82160000,b,l
2026-02-06 00:45:32,8.29000,2.91080000,b,l
2026-02-06 00:45:32,8.29000,1.45540000,b,l
2026-02-06 00:45:32,8.29000,0.72770000,b,l
2026-02-06 00:45:32,8.29000,0.36390000,b,l
2026-02-06 00:45:32,8.29000,0.18190000,b,l
2026-02-06 00:45:34,8.30000,1.72669576,b,m
2026-02-06 00:45:34,8.31000,0.86129595,b,m
2026-02-06 00:45:56,8.27000,10.25609000,s,l
2026-02-06 00:46:10,8.24000,3.62087093,s,l
2026-02-06 00:46:14,8.24000,23.85177691,s,l
2026-02-06 00:46:21,8.27000,0.29694286,b,l
2026-02-06 00:46:21,8.27000,24.70305714,b,l
2026-02-06 00:46:28,8.25000,1.21212121,s,l
2026-02-06 00:46:31,8.24000,16.05995717,s,m
2026-02-06 00:47:00,8.24000,1.22651247,s,l
2026-02-06 00:47:30,8.21000,8.40876274,s,m
2026-02-06 00:48:41,8.18000,11.81154000,b,l
2026-02-06 00:48:47,8.17000,250.00000000,s,l
2026-02-06 00:49:39,8.16000,8.00000000,s,l
2026-02-06 00:49:53,8.17000,2.61260000,b,l
2026-02-06 00:49:53,8.17000,0.00003556,b,l
2026-02-06 00:50:00,8.19000,3.82249748,b,l
2026-02-06 00:50:00,8.19000,43.87500000,b,l
2026-02-06 00:50:15,8.21000,4.29184311,b,l
2026-02-06 00:50:15,8.21000,3.70815689,b,l
2026-02-06 00:50:24,8.23000,43.87500000,b,l
2026-02-06 00:50:24,8.23000,357.92175000,b,l
2026-02-06 00:50:40,8.23000,359.00850546,b,l
2026-02-06 00:51:00,8.26000,3.65169000,b,l
2026-02-06 00:51:01,8.26000,0.00000762,b,l
2026-02-06 00:51:52,8.26000,60.57940000,b,l
2026-02-06 00:51:52,8.26000,0.00005745,b,l
2026-02-06 00:52:17,8.27000,0.60532687,b,m
2026-02-06 00:52:45,8.26000,2.13269000,b,l
2026-02-06 00:52:50,8.24000,8.37207000,b,l
2026-02-06 00:53:26,8.27000,3.89871000,b,l
2026-02-06 00:53:26,8.27000,0.00000212,b,l
2026-02-06 00:53:43,8.30000,3.01204819,b,m
2026-02-06 00:53:48,8.30000,4.63064000,b,l
2026-02-06 00:53:49,8.30000,0.00000855,b,l
2026-02-06 00:53:50,8.32000,0.90872176,b,l
2026-02-06 00:53:50,8.32000,7.55217824,b,l
2026-02-06 00:53:50,8.32000,0.00001176,b,m
2026-02-06 00:53:50,8.33000,0.48367593,b,m
2026-02-06 00:53:50,8.33000,12.83002160,b,m
2026-02-06 00:53:50,8.33000,12.29448533,b,m
2026-02-06 00:54:14,8.30000,503.77741326,s,l
2026-02-06 00:54:43,8.27000,43.87500000,s,m
2026-02-06 00:54:43,8.27000,56.12500000,s,m
2026-02-06 00:55:03,8.31000,17.49448000,b,l
2026-02-06 00:55:06,8.30000,1.60901000,s,l
2026-02-06 00:55:22,8.27000,0.48367593,s,l
2026-02-06 00:55:58,8.25000,0.11232507,b,l
2026-02-06 00:56:21,8.23000,1.85185200,s,m
2026-02-06 00:57:15,8.23000,12.15066829,b,m
2026-02-06 00:57:16,8.22000,0.48661800,s,l
2026-02-06 00:57:24,8.22000,2.44525547,b,m
2026-02-06 00:57:32,8.22000,24.17210539,b,l
2026-02-06 00:57:32,8.22000,24.17210539,b,l
2026-02-06 00:57:50,8.22000,43.87500000,s,l
2026-02-06 00:58:02,8.21000,8.42922201,s,m
2026-02-06 00:58:37,8.22000,8.00000000,b,l
2026-02-06 00:58:39,8.21000,1.05237515,s,l
2026-02-06 00:59:21,8.25000,43.87500000,b,m
2026-02-06 00:59:21,8.25000,2.46146844,b,m
2026-02-06 00:59:21,8.25000,61.86959216,b,m
2026-02-06 00:59:41,8.23000,2.22609000,b,l
2026-02-06 01:00:15,8.24000,4.05501000,b,l
2026-02-06 01:00:16,8.24000,0.00000721,b,l
2026-02-06 01:01:17,8.25000,3.03030303,b,m
2026-02-06 01:01:37,8.25000,43.87500000,b,l
2026-02-06 01:01:37,8.25000,494.26167664,b,l
2026-02-06 01:01:37,8.25000,59.64920640,b,l
2026-02-06 01:01:37,8.25000,478.76500000,b,l
2026-02-06 01:01:37,8.25000,116.93514696,b,l
2026-02-06 01:02:19,8.25000,1.69212121,b,l
2026-02-06 01:02:42,8.22000,2.42424000,b,m
2026-02-06 01:02:47,8.21000,35.63728400,s,l
2026-02-06 01:02:47,8.21000,35.89831763,s,l
2026-02-06 01:02:59,8.20000,0.91510498,s,l
2026-02-06 01:03:37,8.23000,1.18543000,b,l
2026-02-06 01:03:45,8.23000,2.20925151,b,l
2026-02-06 01:04:08,8.25000,1.34738391,b,l
2026-02-06 01:04:08,8.25000,0.00067403,b,l
2026-02-06 01:04:11,8.26000,0.11615000,b,l
2026-02-06 01:04:17,8.26000,0.02132296,b,l
2026-02-06 01:04:32,8.28000,0.48661800,b,l
2026-02-06 01:04:36,8.29000,1.77822000,b,l
2026-02-06 01:05:06,8.30000,2.21563411,b,l
2026-02-06 01:05:07,8.31000,0.11915000,b,l
2026-02-06 01:05:36,8.29000,43.87500000,b,l
2026-02-06 01:05:36,8.29000,59.64920640,b,l
2026-02-06 01:05:36,8.29000,494.26167664,b,l
2026-02-06 01:05:36,8.29000,104.25988907,b,l
2026-02-06 01:05:36,8.29000,234.20028850,b,l
2026-02-06 01:05:55,8.26000,1.00000000,b,l
2026-02-06 01:06:38,8.25000,5.82863030,b,l
2026-02-06 01:06:45,8.26000,60.64745131,b,l
2026-02-06 01:07:01,8.26000,18.19284415,b,m
2026-02-06 01:07:04,8.26000,0.33255447,b,l
2026-02-06 01:07:39,8.27000,2.81590000,b,l
2026-02-06 01:07:39,8.27000,0.00009630,b,l
2026-02-06 01:07:45,8.29000,43.87500000,b,l
2026-02-06 01:07:45,8.29000,17.67909000,b,l
2026-02-06 01:07:48,8.29000,2.07650000,b,l
2026-02-06 01:07:48,8.29000,0.00000028,b,l
2026-02-06 01:07:52,8.31000,19.83874850,b,m
2026-02-06 01:08:05,8.32000,0.99530000,b,l
2026-02-06 01:08:05,8.32000,0.00009466,b,l
2026-02-06 01:08:05,8.33000,0.48360000,b,l
2026-02-06 01:08:05,8.33000,0.00007593,b,l
2026-02-06 01:08:08,8.34000,4.06628037,b,l
2026-02-06 01:08:08,8.34000,0.77487039,b,l
2026-02-06 01:08:08,8.34000,3.27858924,b,l
2026-02-06 01:09:26,8.33000,5.00541000,s,l
2026-02-06 01:10:01,8.33000,956.15670000,s,l
2026-02-06 01:10:01,8.33000,110.86947252,s,l
2026-02-06 01:10:01,8.33000,945.01104236,s,l
2026-02-06 01:10:05,8.32000,252.24190000,b,l
2026-02-06 01:10:05,8.32000,159.43870000,b,l
2026-02-06 01:10:05,8.32000,82.58107664,b,l
2026-02-06 01:10:05,8.32000,59.64920640,b,l
2026-02-06 01:10:17,8.35000,1.12971173,b,l
2026-02-06 01:10:17,8.35000,1.93420827,b,l
2026-02-06 01:10:17,8.35000,0.00000921,b,l
2026-02-06 01:11:09,8.33000,2.35083000,b,l
2026-02-06 01:11:47,8.33000,0.52839298,b,l
2026-02-06 01:11:49,8.34000,0.61884856,b,l
2026-02-06 01:12:17,8.34000,18.19284415,s,m
2026-02-06 01:12:52,8.30000,5.00000000,b,l
2026-02-06 01:13:32,8.30000,43.87500000,b,l
2026-02-06 01:13:32,8.30000,15.45708000,b,l
2026-02-06 01:13:37,8.30000,21.41435000,b,l
2026-02-06 01:13:41,8.30000,1.00000000,b,m
2026-02-06 01:13:42,8.30000,12.04819277,b,m
2026-02-06 01:13:54,8.29000,43.87500000,b,m
2026-02-06 01:13:54,8.29000,59.64920640,b,m
2026-02-06 01:13:54,8.29000,494.26167664,b,m
2026-02-06 01:13:54,8.29000,718.99338622,b,m
2026-02-06 01:13:54,8.29000,125.26766214,b,m
2026-02-06 01:14:08,8.29000,11.65481000,b,l
2026-02-06 01:14:46,8.30000,2.98582000,b,l
2026-02-06 01:15:02,8.31000,18.22541966,b,m
2026-02-06 01:15:43,8.32000,4.49768000,b,l
2026-02-06 01:15:44,8.32000,0.00000866,b,l
2026-02-06 01:15:49,8.34000,15.01798561,b,m
2026-02-06 01:16:48,8.29000,10.00000000,s,l
2026-02-06 01:16:50,8.30000,30.12048193,b,m
2026-02-06 01:17:03,8.32000,5.00000000,b,l
2026-02-06 01:17:47,8.36000,2.67547379,b,l
2026-02-06 01:18:34,8.35000,2.56721428,b,m
2026-02-06 01:19:03,8.32000,43.87500000,b,m
2026-02-06 01:19:03,8.33000,76.22569028,b,m
2026-02-06 01:19:15,8.31000,1.16268000,b,l
2026-02-06 01:19:27,8.31000,0.59880239,b,m
2026-02-06 01:19:54,8.30000,120.00920000,b,l
2026-02-06 01:19:54,8.30000,65.90640000,b,l
2026-02-06 01:19:54,8.30000,265.84778090,b,l
2026-02-06 01:20:00,8.30000,1.02688571,s,m
2026-02-06 01:20:08,8.31000,25.00000000,b,l
2026-02-06 01:20:27,8.32000,3.63426000,b,l
2026-02-06 01:20:46,8.32000,0.00000151,b,l
2026-02-06 01:20:54,8.33000,2.53803170,b,l
2026-02-06 01:21:01,8.33000,1.54032857,s,m
2026-02-06 01:21:21,8.33000,2.71308523,b,l
2026-02-06 01:22:36,8.32000,59.64920640,b,m
2026-02-06 01:22:36,8.32000,43.87500000,b,m
2026-02-06 01:22:36,8.32000,27.40127404,b,m
2026-02-06 01:22:50,8.31000,153.56820000,s,l
2026-02-06 01:23:04,8.31000,106.43180000,s,l
2026-02-06 01:23:04,8.31000,46.92900000,s,l
2026-02-06 01:23:17,8.31000,11.62676000,b,l
2026-02-06 01:23:34,8.34000,0.97758444,b,l
2026-02-06 01:23:34,8.34000,43.87500000,b,l
2026-02-06 01:23:34,8.34000,73.27951556,b,l
2026-02-06 01:24:12,8.33000,9.00360144,b,m
2026-02-06 01:26:52,8.31000,0.55435619,b,l
2026-02-06 01:26:58,8.31000,0.10000000,b,l
2026-02-06 01:27:13,8.32000,72.15226508,s,l
2026-02-06 01:28:20,8.31000,0.93014000,b,l
2026-02-06 01:28:22,8.31000,7.30703000,b,l
2026-02-06 01:28:31,8.30000,1.20481927,b,l
2026-02-06 01:28:46,8.28000,9.50000000,s,m
2026-02-06 01:29:15,8.27000,0.48367593,s,m
2026-02-06 01:29:15,8.27000,1.34151407,s,m
2026-02-06 01:29:45,8.29000,0.22366706,b,l
2026-02-06 01:30:01,8.30000,0.50354216,b,l
2026-02-06 01:30:17,8.28000,43.87500000,s,l
2026-02-06 01:30:17,8.28000,59.64920640,s,l
2026-02-06 01:30:17,8.28000,241.98749360,s,l
2026-02-06 01:30:40,8.30000,50.00000000,b,m
2026-02-06 01:31:38,8.29000,29.41323000,s,l
2026-02-06 01:31:54,8.30000,0.40569879,b,l
2026-02-06 01:32:28,8.29000,0.10000000,b,m
2026-02-06 01:33:13,8.27000,0.58107617,b,l
2026-02-06 01:33:57,8.29000,25.00000000,s,l
2026-02-06 01:34:07,8.30000,4.97041224,b,l
2026-02-06 01:34:08,8.31000,4.25667000,b,l
2026-02-06 01:34:08,8.31000,0.00000416,b,l
2026-02-06 01:34:26,8.32000,3.08342000,b,l
2026-02-06 01:35:18,8.31000,45.12630000,s,l
2026-02-06 01:35:18,8.31000,0.00005380,s,l
2026-02-06 01:35:24,8.30000,43.87500000,s,l
2026-02-06 01:35:24,8.29000,1.88671296,s,l
2026-02-06 01:36:01,8.33000,110.86947252,b,l
2026-02-06 01:36:01,8.33000,660.33546500,b,l
2026-02-06 01:36:01,8.33000,652.94091191,b,l
2026-02-06 01:36:01,8.33000,150.00000000,b,l
2026-02-06 01:36:01,8.33000,50.00000000,b,l
2026-02-06 01:36:01,8.33000,50.00000000,b,l
2026-02-06 01:36:01,8.33000,50.00000000,b,l
2026-02-06 01:36:01,8.33000,287.89136545,b,l
2026-02-06 01:36:01,8.33000,0.48367593,b,l
2026-02-06 01:36:01,8.33000,2.29827623,b,l
2026-02-06 01:36:11,8.34000,1.69205051,b,l
2026-02-06 01:36:41,8.35000,30.12814371,b,m
2026-02-06 01:37:02,8.33000,6.00240000,s,l
2026-02-06 01:37:09,8.33000,0.00000096,s,l
2026-02-06 01:38:05,8.30000,35.00000000,b,l
2026-02-06 01:38:05,8.31000,7.11793020,b,l
2026-02-06 01:38:34,8.29000,3.46252000,s,l
2026-02-06 01:38:43,8.30000,0.23175903,b,l
2026-02-06 01:38:48,8.29000,1.30000000,s,l
2026-02-06 01:38:48,8.29000,0.60676178,s,l
2026-02-06 01:38:50,8.29000,0.60676178,s,l
2026-02-06 01:40:18,8.32000,3.04029000,b,l
2026-02-06 01:40:18,8.32000,0.00000148,b,l
2026-02-06 01:40:22,8.33000,43.87500000,b,l
2026-02-06 01:40:22,8.33000,1.71286480,b,l
2026-02-06 01:40:22,8.33000,13.54909520,b,l
2026-02-06 01:41:01,8.31000,8.31791176,s,m
2026-02-06 01:41:02,8.31000,8.31791176,s,m
2026-02-06 01:41:02,8.31000,8.31791176,s,m
2026-02-06 01:41:48,8.32000,35.43754000,b,l
2026-02-06 01:42:46,8.33000,0.57728691,b,l
2026-02-06 01:43:16,8.33000,5.00000000,b,l
2026-02-06 01:43:30,8.33000,10.00000000,b,l
2026-02-06 01:43:44,8.34000,1.72470017,b,l
2026-02-06 01:43:56,8.36000,3.62693571,b,l
2026-02-06 01:45:31,8.33000,13.09524000,b,l
2026-02-06 01:45:39,8.36000,3.16178000,b,l
2026-02-06 01:45:41,8.36000,40.71322000,b,m
2026-02-06 01:45:41,8.36000,58.59164593,b,m
2026-02-06 01:46:22,8.36000,1.19201000,b,l
2026-02-06 01:46:37,8.37000,0.15313130,b,l
2026-02-06 01:46:37,8.38000,25.06265664,b,m
2026-02-06 01:46:49,8.38000,0.87782680,b,l
2026-02-06 01:47:21,8.39000,0.48019207,b,l
2026-02-06 01:47:21,8.39000,2.55668793,b,l
2026-02-06 01:47:21,8.39000,0.00000868,b,l
2026-02-06 01:47:43,8.41000,2.18697146,b,m
2026-02-06 01:47:43,8.41000,7.79347224,b,m
2026-02-06 01:47:43,8.41000,43.87500000,b,m
2026-02-06 01:47:43,8.41000,5.84336800,b,m
2026-02-06 01:47:43,8.41000,58.92172615,b,m
2026-02-06 01:47:43,8.41000,445.89774078,b,m
2026-02-06 01:47:43,8.41000,47.37495592,b,m
2026-02-06 01:47:43,8.41000,8.22238675,b,m
2026-02-06 01:47:43,8.41000,19.14188600,b,m
2026-02-06 01:47:43,8.41000,505.58870353,b,m
2026-02-06 01:47:43,8.41000,450.56799647,b,m
2026-02-06 01:47:43,8.41000,43.69368017,b,m
2026-02-06 01:47:43,8.42000,0.60676178,b,m
2026-02-06 01:47:43,8.42000,43.87500000,b,m
2026-02-06 01:47:43,8.42000,531.27522384,b,m
2026-02-06 01:47:43,8.42000,4.08208228,b,m
2026-02-06 01:47:43,8.42000,27.79083721,b,m
2026-02-06 01:47:43,8.42000,193.67790000,b,m
2026-02-06 01:47:43,8.42000,0.16226000,b,m
2026-02-06 01:47:43,8.42000,272.63067943,b,m
2026-02-06 01:47:43,8.42000,59.64920640,b,m
2026-02-06 01:47:43,8.42000,191.40000000,b,m
2026-02-06 01:47:43,8.42000,178.14726840,b,m
2026-02-06 01:47:43,8.42000,38.33746843,b,m
2026-02-06 01:47:43,8.42000,19.14188600,b,m
2026-02-06 01:47:43,8.42000,660.81001460,b,m
2026-02-06 01:47:43,8.42000,36.75885800,b,m
2026-02-06 01:47:43,8.42000,258.58782740,b,m
2026-02-06 01:47:43,8.42000,96.83890000,b,m
2026-02-06 01:47:43,8.42000,19.14188600,b,m
2026-02-06 01:47:43,8.42000,609.35780344,b,m
2026-02-06 01:47:43,8.42000,227.16535342,b,m
2026-02-06 01:47:43,8.42000,264.13696715,b,m
2026-02-06 01:47:43,8.42000,297.66174482,b,m
2026-02-06 01:48:04,8.42000,18.22541966,s,m
2026-02-06 01:48:18,8.43000,226.58896000,b,l
2026-02-06 01:48:26,8.43000,624.44831217,b,l
2026-02-06 01:48:26,8.43000,594.71951900,b,l
2026-02-06 01:48:26,8.43000,3.07101731,b,l
2026-02-06 01:48:26,8.43000,601.84510769,b,l
2026-02-06 01:48:26,8.43000,3.07101731,b,l
2026-02-06 01:48:26,8.43000,602.63242376,b,l
2026-02-06 01:48:26,8.43000,150.00000000,b,l
2026-02-06 01:48:26,8.43000,18.69781300,b,l
2026-02-06 01:48:26,8.43000,0.28956109,b,l
2026-02-06 01:48:27,8.43000,610.86924644,b,l
2026-02-06 01:48:27,8.43000,110.86947252,b,l
2026-02-06 01:48:27,8.43000,50.00000000,b,l
2026-02-06 01:48:27,8.43000,50.00000000,b,l
2026-02-06 01:48:27,8.43000,50.00000000,b,l
2026-02-06 01:48:27,8.43000,50.00000000,b,l
2026-02-06 01:48:27,8.43000,18.69781300,b,l
2026-02-06 01:48:27,8.43000,50.00000000,b,l
2026-02-06 01:48:27,8.43000,50.00000000,b,l
2026-02-06 01:48:27,8.43000,45.12630000,b,l
2026-02-06 01:48:27,8.43000,391.36020000,b,l
2026-02-06 01:48:27,8.43000,0.00009375,b,l
2026-02-06 01:48:32,8.43000,8.21924139,s,m
2026-02-06 01:48:52,8.44000,1.25628141,b,l
2026-02-06 01:48:52,8.44000,0.74371859,b,l
2026-02-06 01:48:55,8.43000,59.64920640,s,l
2026-02-06 01:48:55,8.43000,200.35079360,s,l
2026-02-06 01:48:55,8.43000,260.00000000,s,l
2026-02-06 01:48:55,8.43000,33.91080000,s,l
2026-02-06 01:48:56,8.43000,0.00008304,s,l
2026-02-06 01:48:56,8.42000,59.64920640,s,l
2026-02-06 01:48:56,8.42000,494.26167664,s,l
2026-02-06 01:48:56,8.42000,133.52080755,s,l
2026-02-06 01:48:56,8.42000,155.92523097,b,l
2026-02-06 01:48:56,8.42000,19.62007951,b,l
2026-02-06 01:48:56,8.42000,24.25492049,b,l
2026-02-06 01:48:56,8.42000,151.29030000,s,l
2026-02-06 01:49:00,8.42000,133.52080755,s,l
2026-02-06 01:49:00,8.42000,462.30016250,s,l
2026-02-06 01:49:01,8.42000,31.96151000,s,l
2026-02-06 01:49:02,8.42000,0.00000414,s,l
2026-02-06 01:49:02,8.42000,133.52080586,s,l
2026-02-06 01:49:57,8.43000,0.16960000,b,l
2026-02-06 01:50:54,8.42000,5.73063000,b,l
2026-02-06 01:51:08,8.42000,5.93824228,b,m
2026-02-06 01:51:22,8.40000,43.87500000,s,m
2026-02-06 01:51:22,8.39000,43.87500000,s,m
2026-02-06 01:51:22,8.39000,20.45606060,s,m
2026-02-06 01:51:23,8.40000,2.44259524,s,m
2026-02-06 01:51:44,8.42000,3.06359062,b,l
2026-02-06 01:51:57,8.43000,0.00007973,b,l
2026-02-06 01:51:57,8.44000,0.42759027,b,l
2026-02-06 01:52:40,8.44000,1.21191385,b,l
2026-02-06 01:52:40,8.44000,58.04258955,b,l
2026-02-06 01:52:40,8.44000,26.95051660,b,l
2026-02-06 01:52:43,8.42000,118.76484000,s,l
2026-02-06 01:52:44,8.42000,0.00000560,s,l
2026-02-06 01:52:46,8.41000,12.00000000,s,l
2026-02-06 01:53:23,8.41000,0.22977000,b,l
2026-02-06 01:53:27,8.40000,1.30000000,s,l
