timestamp,price,volume,side,type
2025-03-02 19:32:06,0.99900000,52.94855,b,m
2025-03-02 19:36:07,0.99900000,18.55510,b,l
2025-03-02 19:54:31,0.99890000,52.94855,s,m
2025-03-03 09:18:34,0.99900000,6059.22923,b,m
2025-03-03 09:20:48,0.99890000,6037.11077,s,m
2025-03-03 09:22:37,0.99900000,6024.42442,b,m
2025-03-03 09:27:40,0.99890000,6022.37557,s,m
2025-03-03 17:19:27,0.99890000,76.14910,s,l
2025-03-03 17:24:13,0.99900000,5.00000,b,m
2025-03-03 17:55:07,0.99890000,5.00000,s,m
2025-03-03 18:09:56,0.99900000,72.76898,b,m
2025-03-03 18:31:05,0.99890000,72.76898,s,m
2025-03-04 01:01:52,0.99900000,5.00000,b,m
2025-03-04 01:42:01,0.99900000,5.00000,b,m
2025-03-04 01:53:37,0.99900000,8.37657,b,m
2025-03-04 10:00:02,0.99890000,87.99424,s,l
2025-03-04 12:19:13,0.99890000,16.55056,s,l
2025-03-04 12:19:17,0.99890000,18.85823,s,l
2025-03-04 13:30:20,0.99890000,18.37657,s,m
2025-03-04 18:12:14,0.99890000,20.25134,s,l
2025-03-04 18:13:25,0.99890000,9.79841,s,l
2025-03-04 18:29:10,0.99890000,9.66879,s,l
2025-03-04 18:29:27,0.99890000,674.74650,s,l
2025-03-04 18:29:29,0.99890000,49.27497,s,l
2025-03-04 19:50:46,0.99900000,709.91880,b,l
2025-03-04 20:05:57,0.99890000,19.06248,s,l
2025-03-04 20:06:45,0.99890000,136.22741,s,l
2025-03-04 20:06:45,0.99890000,142.62855,s,l
2025-03-04 20:06:52,0.99890000,835.65412,s,l
2025-03-04 20:07:00,0.99890000,197.13952,s,l
2025-03-04 20:11:06,0.99890000,17.66884,s,l
2025-03-04 20:11:13,0.99890000,15.69509,s,l
2025-03-04 20:11:13,0.99890000,148.68454,s,l
2025-03-04 20:11:56,0.99890000,51.51632,s,l
2025-03-04 20:13:18,0.99890000,10.02851,s,l
2025-03-04 20:24:17,0.99890000,172.35627,s,l
2025-03-04 21:23:44,0.99890000,938.33082,s,l
2025-03-04 21:23:44,0.99890000,434.30565,s,l
2025-03-04 21:23:44,0.99890000,1200.68380,s,l
2025-03-04 21:24:00,0.99890000,295.87279,s,l
2025-03-04 21:24:40,0.99890000,12.74189,s,l
2025-03-04 23:06:15,0.99890000,77.76445,s,l
2025-03-04 23:06:15,0.99890000,77.77931,s,l
2025-03-04 23:06:15,0.99890000,77.79427,s,l
2025-03-04 23:06:15,0.99890000,77.80924,s,l
2025-03-04 23:06:15,0.99890000,77.82410,s,l
2025-03-04 23:06:15,0.99890000,77.83906,s,l
2025-03-04 23:06:15,0.99890000,77.85392,s,l
2025-03-04 23:06:15,0.99890000,77.86889,s,l
2025-03-04 23:06:15,0.99890000,77.88385,s,l
2025-03-04 23:06:15,0.99890000,77.89881,s,l
2025-03-04 23:06:15,0.99890000,77.91377,s,l
2025-03-04 23:06:15,0.99890000,63.74524,s,l
2025-03-04 23:08:33,0.99890000,499.71875,s,l
2025-03-04 23:08:33,0.99890000,499.76437,s,l
2025-03-04 23:08:33,0.99890000,499.81712,s,l
2025-03-04 23:08:33,0.99890000,497.56474,s,l
2025-03-05 06:17:42,0.99890000,247.77226,s,l
2025-03-05 06:17:42,0.99890000,247.82207,s,l
2025-03-05 06:17:42,0.99890000,247.87189,s,l
2025-03-05 06:17:42,0.99890000,247.92172,s,l
2025-03-05 06:17:42,0.99890000,8.61205,s,l
2025-03-05 07:01:38,0.99890000,599.10844,s,l
2025-03-05 07:01:38,0.99890000,599.17456,s,l
2025-03-05 07:01:38,0.99890000,599.24068,s,l
2025-03-05 07:01:38,0.99890000,599.30679,s,l
2025-03-05 07:01:38,0.99890000,599.37301,s,l
2025-03-05 07:01:38,0.99890000,599.43912,s,l
2025-03-05 07:01:38,0.99890000,599.50534,s,l
2025-03-05 07:01:38,0.99890000,599.57146,s,l
2025-03-05 07:01:38,0.99890000,205.28059,s,l
2025-03-05 07:27:15,0.99890000,1348.90378,s,l
2025-03-05 07:27:15,0.99890000,2710.51420,s,l
2025-03-05 07:28:27,0.99890000,703.24519,s,l
2025-03-05 07:30:02,0.99890000,49.16201,s,l
2025-03-05 07:30:02,0.99890000,49.18565,s,l
2025-03-05 07:30:02,0.99890000,49.21038,s,l
2025-03-05 07:30:02,0.99890000,49.23512,s,l
2025-03-05 07:30:13,0.99890000,8.35588,s,l
2025-03-05 07:33:15,0.99890000,26.31918,s,l
2025-03-05 07:56:04,0.99890000,35.08842,s,l
2025-03-05 07:56:04,0.99890000,35.09738,s,l
2025-03-05 07:56:04,0.99890000,35.10636,s,l
2025-03-05 07:56:04,0.99890000,35.11533,s,l
2025-03-05 07:56:04,0.99890000,35.12431,s,l
2025-03-05 07:56:04,0.99890000,35.13329,s,l
2025-03-05 07:56:04,0.99890000,35.14227,s,l
2025-03-05 07:56:04,0.99890000,35.15126,s,l
2025-03-05 07:56:04,0.99890000,35.16025,s,l
2025-03-05 07:56:04,0.99890000,35.16924,s,l
2025-03-05 07:56:04,0.99890000,35.17823,s,l
2025-03-05 07:56:04,0.99890000,35.18723,s,l
2025-03-05 07:56:04,0.99890000,35.19622,s,l
2025-03-05 07:56:04,0.99890000,35.20522,s,l
2025-03-05 07:56:04,0.99890000,35.21421,s,l
2025-03-05 07:56:04,0.99890000,35.22321,s,l
2025-03-05 07:56:04,0.99890000,35.23222,s,l
2025-03-05 07:56:04,0.99890000,35.24122,s,l
2025-03-05 07:56:04,0.99890000,35.25024,s,l
2025-03-05 07:56:04,0.99890000,35.25925,s,l
2025-03-05 07:56:04,0.99890000,35.26825,s,l
2025-03-05 07:56:04,0.99890000,35.27728,s,l
2025-03-05 07:56:04,0.99890000,25.97910,s,l
2025-03-05 11:14:03,0.99900000,150.15020,b,l
2025-03-05 14:31:37,0.99890000,995.98307,s,l
2025-03-05 14:32:25,0.99890000,39.83123,s,l
2025-03-05 14:32:25,0.99890000,194.06554,s,l
2025-03-05 14:32:25,0.99890000,194.08967,s,l
2025-03-05 14:32:25,0.99890000,194.11380,s,l
2025-03-05 14:32:25,0.99890000,194.13794,s,l
2025-03-05 14:32:25,0.99890000,188.76432,s,l
2025-03-05 14:33:11,0.99890000,56.01409,s,l
2025-03-05 14:40:53,0.99890000,98.16914,s,l
2025-03-05 14:40:53,0.99890000,22.40313,s,l
2025-03-05 14:40:53,0.99890000,22.62175,s,l
2025-03-05 14:40:53,0.99890000,22.83869,s,l
2025-03-05 14:40:53,0.99890000,23.05403,s,l
2025-03-05 14:40:53,0.99890000,23.26777,s,l
2025-03-05 14:40:53,0.99890000,23.47992,s,l
2025-03-05 14:40:53,0.99890000,23.69057,s,l
2025-03-05 14:40:53,0.99890000,23.89953,s,l
2025-03-05 14:40:53,0.99890000,24.10689,s,l
2025-03-05 14:40:53,0.99890000,24.31285,s,l
2025-03-05 14:40:53,0.99890000,24.51722,s,l
2025-03-05 14:40:53,0.99890000,24.72019,s,l
2025-03-05 14:40:53,0.99890000,24.92147,s,l
2025-03-05 14:40:53,0.99890000,25.04844,s,l
2025-03-05 14:40:53,0.99890000,95.57213,s,l
2025-03-05 14:40:53,0.99890000,95.58289,s,l
2025-03-05 14:40:53,0.99890000,95.59365,s,l
2025-03-05 14:40:53,0.99890000,95.60440,s,l
2025-03-05 14:40:53,0.99890000,95.61525,s,l
2025-03-05 14:40:53,0.99890000,95.62601,s,l
2025-03-05 14:40:53,0.99890000,95.63686,s,l
2025-03-05 14:40:53,0.99890000,95.64762,s,l
2025-03-05 14:40:53,0.99890000,95.65847,s,l
2025-03-05 14:40:53,0.99890000,95.66923,s,l
2025-03-05 14:40:53,0.99890000,21.39036,s,l
2025-03-05 14:40:53,0.99890000,24.95369,s,l
2025-03-05 14:40:53,0.99890000,24.95638,s,l
2025-03-05 14:40:53,0.99890000,24.95907,s,l
2025-03-05 14:40:53,0.99890000,24.96177,s,l
2025-03-05 14:40:53,0.99890000,24.96446,s,l
2025-03-05 14:40:53,0.99890000,24.96715,s,l
2025-03-05 14:40:53,0.99890000,24.96984,s,l
2025-03-05 14:40:53,0.99890000,24.97254,s,l
2025-03-05 14:40:53,0.99890000,24.97523,s,l
2025-03-05 14:40:53,0.99890000,24.97802,s,l
2025-03-05 14:40:53,0.99890000,24.98072,s,l
2025-03-05 14:40:53,0.99890000,24.98341,s,l
2025-03-05 14:40:53,0.99890000,24.98610,s,l
2025-03-05 14:40:53,0.99890000,24.98879,s,l
2025-03-05 14:40:53,0.99890000,24.99149,s,l
2025-03-05 14:40:53,0.99890000,24.99418,s,l
2025-03-05 14:40:53,0.99890000,24.99687,s,l
2025-03-05 14:40:53,0.99890000,24.99957,s,l
2025-03-05 14:40:53,0.99890000,25.00236,s,l
2025-03-05 14:40:53,0.99890000,25.00515,s,l
2025-03-05 14:40:53,0.99890000,25.00785,s,l
2025-03-05 14:40:53,0.99890000,25.01054,s,l
2025-03-05 14:40:53,0.99890000,25.01323,s,l
2025-03-05 14:40:53,0.99890000,16.73312,s,l
2025-03-05 14:41:37,0.99890000,57.43043,s,l
2025-03-05 15:36:50,0.99890000,9.63803,s,l
2025-03-05 16:04:51,0.99890000,435.08864,s,l
2025-03-05 16:04:51,0.99890000,435.12554,s,l
2025-03-05 16:04:51,0.99890000,128.79655,s,l
2025-03-05 16:04:52,0.99890000,995.98307,s,l
2025-03-05 16:10:01,0.99890000,290.03270,s,l
2025-03-05 16:10:01,0.99890000,290.06213,s,l
2025-03-05 16:10:01,0.99890000,290.09157,s,l
2025-03-05 16:10:01,0.99890000,129.81360,s,l
2025-03-05 16:10:01,0.99890000,146.52868,s,l
2025-03-05 16:10:01,0.99890000,146.55392,s,l
2025-03-05 16:10:01,0.99890000,146.57915,s,l
2025-03-05 16:10:01,0.99890000,146.60439,s,l
2025-03-05 16:10:01,0.99890000,146.62963,s,l
2025-03-05 16:10:01,0.99890000,146.65486,s,l
2025-03-05 16:10:01,0.99890000,120.44937,s,l
2025-03-05 17:32:37,0.99890000,10.03102,s,l
2025-03-05 17:48:50,0.99890000,22.66693,s,l
2025-03-05 19:51:48,0.99890000,73.70401,s,l
2025-03-05 19:51:48,0.99890000,73.71169,s,l
2025-03-05 19:51:48,0.99890000,73.71937,s,l
2025-03-05 19:51:48,0.99890000,73.72705,s,l
2025-03-05 19:51:48,0.99890000,73.73483,s,l
2025-03-05 19:51:48,0.99890000,73.74251,s,l
2025-03-05 19:51:48,0.99890000,73.75019,s,l
2025-03-05 19:51:48,0.99890000,73.75797,s,l
2025-03-05 19:51:48,0.99890000,73.76565,s,l
2025-03-05 19:51:48,0.99890000,73.77333,s,l
2025-03-05 19:51:48,0.99890000,73.78111,s,l
2025-03-05 19:51:48,0.99890000,73.78889,s,l
2025-03-05 19:51:48,0.99890000,73.79657,s,l
2025-03-05 19:51:48,0.99890000,41.24683,s,l
2025-03-05 19:52:14,0.99890000,85.85986,s,l
2025-03-05 19:52:14,0.99890000,85.87748,s,l
2025-03-05 19:52:14,0.99890000,85.89510,s,l
2025-03-05 19:52:14,0.99890000,85.91274,s,l
2025-03-05 19:52:14,0.99890000,85.93037,s,l
2025-03-05 19:52:14,0.99890000,85.94801,s,l
2025-03-05 19:52:14,0.99890000,85.96565,s,l
2025-03-05 19:52:14,0.99890000,85.98329,s,l
2025-03-05 19:52:14,0.99890000,86.00093,s,l
2025-03-05 19:52:14,0.99890000,86.01859,s,l
2025-03-05 19:52:14,0.99890000,86.03624,s,l
2025-03-05 19:52:15,0.99890000,24.73877,s,l
2025-03-05 19:52:29,0.99890000,10.95904,s,l
2025-03-06 00:19:25,0.99890000,14.18563,s,l
2025-03-06 00:33:04,0.99890000,60.73681,s,l
2025-03-06 00:33:04,0.99890000,60.74579,s,l
2025-03-06 00:33:04,0.99890000,60.75476,s,l
2025-03-06 00:33:04,0.99890000,60.76364,s,l
2025-03-06 00:33:04,0.99890000,60.77262,s,l
2025-03-06 00:33:04,0.99890000,60.78159,s,l
2025-03-06 00:33:04,0.99890000,60.79047,s,l
2025-03-06 00:33:04,0.99890000,60.79945,s,l
2025-03-06 00:33:04,0.99890000,60.80843,s,l
2025-03-06 00:33:04,0.99890000,60.81740,s,l
2025-03-06 00:33:04,0.99890000,60.82638,s,l
2025-03-06 00:33:04,0.99890000,60.83536,s,l
2025-03-06 00:33:04,0.99890000,27.74308,s,l
2025-03-06 00:33:04,0.99890000,60.84842,s,l
2025-03-06 00:33:04,0.99890000,60.85740,s,l
2025-03-06 00:33:04,0.99890000,60.86648,s,l
2025-03-06 00:33:04,0.99890000,60.87545,s,l
2025-03-06 00:33:04,0.99890000,60.88443,s,l
2025-03-06 00:33:04,0.99890000,60.89351,s,l
2025-03-06 00:33:04,0.99890000,60.90248,s,l
2025-03-06 00:33:04,0.99890000,60.91146,s,l
2025-03-06 00:33:04,0.99890000,60.92054,s,l
2025-03-06 00:33:04,0.99890000,60.92952,s,l
2025-03-06 00:33:04,0.99890000,60.93849,s,l
2025-03-06 00:33:04,0.99890000,60.94757,s,l
2025-03-06 00:33:04,0.99890000,60.95655,s,l
2025-03-06 00:33:04,0.99890000,60.96562,s,l
2025-03-06 00:33:04,0.99890000,60.97470,s,l
2025-03-06 00:33:04,0.99890000,60.98368,s,l
2025-03-06 00:33:04,0.99890000,25.34369,s,l
2025-03-06 00:52:37,0.99890000,41.20586,s,l
2025-03-06 00:52:37,0.99890000,41.21444,s,l
2025-03-06 00:52:37,0.99890000,41.22302,s,l
2025-03-06 00:52:37,0.99890000,41.23159,s,l
2025-03-06 00:52:37,0.99890000,41.24017,s,l
2025-03-06 00:52:37,0.99890000,41.24875,s,l
2025-03-06 00:52:37,0.99890000,41.25733,s,l
2025-03-06 00:52:37,0.99890000,41.26591,s,l
2025-03-06 00:52:37,0.99890000,41.27448,s,l
2025-03-06 00:52:37,0.99890000,41.28306,s,l
2025-03-06 00:52:37,0.99890000,41.29164,s,l
2025-03-06 00:52:37,0.99890000,41.30022,s,l
2025-03-06 00:52:37,0.99890000,41.30879,s,l
2025-03-06 00:52:37,0.99890000,41.31747,s,l
2025-03-06 00:52:37,0.99890000,41.32605,s,l
2025-03-06 00:52:37,0.99890000,41.33463,s,l
2025-03-06 00:52:37,0.99890000,41.34330,s,l
2025-03-06 00:52:37,0.99890000,41.35188,s,l
2025-03-06 00:52:37,0.99890000,41.36046,s,l
2025-03-06 00:52:37,0.99890000,41.36914,s,l
2025-03-06 00:52:37,0.99890000,41.37771,s,l
2025-03-06 00:52:37,0.99890000,41.38629,s,l
2025-03-06 00:52:37,0.99890000,41.39497,s,l
2025-03-06 00:52:37,0.99890000,41.40355,s,l
2025-03-06 13:10:24,0.99900000,2.42190,b,l
2025-03-06 13:17:03,0.99890000,18.65041,s,l
2025-03-07 08:35:07,0.99900000,40.16700,b,l
2025-03-07 09:47:46,0.99890000,16.84413,s,l
2025-03-07 13:30:25,0.99890000,994.25434,s,l
2025-03-07 13:30:26,0.99890000,1891.40426,s,l
2025-03-07 13:30:51,0.99800000,938.43808,s,l
2025-03-07 13:31:24,0.99800000,19.98925,s,l
2025-03-07 13:32:30,0.99800000,8.22165,s,l
2025-03-07 13:35:15,0.99800000,18.81629,s,l
2025-03-07 13:35:21,0.99800000,583.47435,s,l
2025-03-07 13:35:21,0.99800000,583.61170,s,l
2025-03-07 13:35:21,0.99800000,583.73843,s,l
2025-03-07 13:35:21,0.99800000,7263.71025,s,l
2025-03-07 13:35:21,0.99800000,1895.70518,s,l
2025-03-07 13:35:21,0.99800000,583.86512,s,l
2025-03-07 13:35:21,0.99800000,583.99181,s,l
2025-03-07 13:35:21,0.99800000,584.11849,s,l
2025-03-07 13:35:21,0.99800000,584.24528,s,l
2025-03-07 13:35:21,0.99800000,584.37206,s,l
2025-03-07 13:35:21,0.99800000,584.49885,s,l
2025-03-07 13:35:21,0.99800000,584.62574,s,l
2025-03-07 13:35:21,0.99800000,584.75272,s,l
2025-03-07 13:35:21,0.99800000,584.87961,s,l
2025-03-07 13:35:21,0.99800000,2620.06903,s,l
2025-03-07 13:41:51,0.99800000,5.55631,s,l
2025-03-07 14:00:54,0.99800000,25.71049,s,l
2025-03-07 14:28:55,0.99800000,18.07106,s,l
2025-03-07 18:31:15,0.99900000,9.83780,b,l
2025-03-08 18:33:14,0.99900000,20.43020,b,l
2025-03-09 21:13:09,0.99900000,93.75230,b,l
2025-03-10 02:12:32,0.99800000,648.57183,s,l
2025-03-10 17:32:07,0.99800000,634.68390,s,l
2025-03-10 18:51:50,0.99900000,40.81110,b,m
2025-03-11 07:10:41,0.99800000,14.33491,s,l
2025-03-11 08:13:58,0.99900000,2912.00470,b,l
2025-03-11 08:48:58,0.99800000,19.03987,s,l
2025-03-11 08:48:58,0.99800000,19.04578,s,l
2025-03-11 08:48:58,0.99800000,19.05168,s,l
2025-03-11 08:48:58,0.99800000,19.05760,s,l
2025-03-11 08:48:58,0.99800000,19.06351,s,l
2025-03-11 08:48:58,0.99800000,19.06943,s,l
2025-03-11 08:48:58,0.99800000,19.07535,s,l
2025-03-11 08:48:58,0.99800000,19.08126,s,l
2025-03-11 08:48:58,0.99800000,19.08719,s,l
2025-03-11 08:48:58,0.99800000,19.09312,s,l
2025-03-11 08:48:58,0.99800000,19.09903,s,l
2025-03-11 08:48:58,0.99800000,19.10496,s,l
2025-03-11 08:48:58,0.99800000,19.11088,s,l
2025-03-11 08:48:59,0.99800000,19.11682,s,l
2025-03-11 08:48:59,0.99800000,19.12276,s,l
2025-03-11 08:48:59,0.99800000,19.12868,s,l
2025-03-11 08:48:59,0.99800000,19.13462,s,l
2025-03-11 08:48:59,0.99800000,19.14056,s,l
2025-03-11 08:48:59,0.99800000,19.14649,s,l
2025-03-11 08:48:59,0.99800000,14661.48619,s,l
2025-03-11 09:23:35,0.99800000,5.61747,s,l
2025-03-11 09:48:50,0.99800000,13.23997,s,l
2025-03-11 09:48:54,0.99800000,15.08285,s,l
2025-03-11 13:28:24,0.99800000,42.18915,s,l
2025-03-11 13:33:31,0.99800000,19.15244,s,l
2025-03-11 13:33:32,0.99800000,22.95315,s,l
2025-03-11 13:33:32,0.99800000,22.95554,s,l
2025-03-11 13:33:32,0.99800000,22.95794,s,l
2025-03-11 13:33:32,0.99800000,22.96033,s,l
2025-03-11 13:33:32,0.99800000,22.96273,s,l
2025-03-11 13:33:32,0.99800000,22.96513,s,l
2025-03-11 13:33:32,0.99800000,12.94120,s,l
2025-03-11 13:33:32,0.99800000,22.96922,s,l
2025-03-11 13:33:32,0.99800000,22.97202,s,l
2025-03-11 13:33:32,0.99800000,22.97481,s,l
2025-03-11 13:33:32,0.99800000,22.97771,s,l
2025-03-11 13:33:32,0.99800000,22.98060,s,l
2025-03-11 13:33:32,0.99800000,22.98340,s,l
2025-03-11 13:33:33,0.99800000,22.98619,s,l
2025-03-11 13:33:33,0.99800000,22.98899,s,l
2025-03-11 13:33:33,0.99800000,22.99178,s,l
2025-03-11 13:33:33,0.99800000,22.99458,s,l
2025-03-11 13:33:33,0.99800000,22.99737,s,l
2025-03-11 13:33:34,0.99800000,23.00017,s,l
2025-03-11 13:35:06,0.99800000,87.51513,s,l
2025-03-11 13:35:12,0.99800000,20.95970,s,l
2025-03-11 13:35:15,0.99800000,87.52687,s,l
2025-03-11 13:35:24,0.99800000,21.48718,s,l
2025-03-11 13:35:27,0.99800000,87.01587,s,l
2025-03-11 13:35:32,0.99800000,22.56601,s,l
2025-03-11 13:35:35,0.99800000,86.76330,s,l
2025-03-11 13:35:42,0.99800000,23.07696,s,l
2025-03-11 13:35:47,0.99800000,86.26082,s,l
2025-03-11 13:35:58,0.99800000,54.59129,s,l
2025-03-11 13:36:00,0.99800000,138.14134,s,l
2025-03-11 13:40:25,0.99800000,120.07949,s,l
2025-03-11 13:40:25,0.99800000,120.09238,s,l
2025-03-11 13:40:25,0.99800000,120.10517,s,l
2025-03-11 13:40:26,0.99800000,120.11805,s,l
2025-03-11 13:40:26,0.99800000,120.13084,s,l
2025-03-11 13:40:26,0.99800000,120.14373,s,l
2025-03-11 13:40:26,0.99800000,120.15652,s,l
2025-03-11 13:40:26,0.99800000,120.16941,s,l
2025-03-11 13:40:26,0.99800000,120.18220,s,l
2025-03-11 13:40:26,0.99800000,120.19508,s,l
2025-03-11 13:40:26,0.99800000,120.20797,s,l
2025-03-11 13:40:27,0.99800000,120.22085,s,l
2025-03-11 13:40:37,0.99800000,120.23483,s,l
2025-03-11 13:41:19,0.99800000,100.82218,s,l
2025-03-11 13:41:20,0.99800000,100.84294,s,l
2025-03-11 13:41:56,0.99800000,38.99180,s,l
2025-03-11 13:41:56,0.99800000,38.99979,s,l
2025-03-11 13:41:57,0.99800000,39.00787,s,l
2025-03-11 13:41:57,0.99800000,39.01596,s,l
2025-03-11 13:41:58,0.99800000,39.02395,s,l
2025-03-11 13:41:58,0.99800000,39.03203,s,l
2025-03-11 13:41:59,0.99800000,39.02162,s,l
2025-03-11 13:42:00,0.99800000,38.88915,s,l
2025-03-11 13:42:00,0.99800000,38.75667,s,l
2025-03-11 13:42:01,0.99800000,38.76540,s,l
2025-03-11 13:42:01,0.99800000,19.42892,s,l
2025-03-11 13:42:01,0.99800000,23.00986,s,l
2025-03-11 13:42:02,0.99800000,9094.54748,s,l
2025-03-11 13:42:02,0.99800000,38.78281,s,l
2025-03-11 13:42:03,0.99800000,38.79181,s,l
2025-03-11 13:42:04,0.99800000,38.80079,s,l
2025-03-11 13:42:04,0.99800000,27.54947,s,l
2025-03-11 13:42:05,0.99800000,38.80988,s,l
2025-03-11 13:42:06,0.99800000,38.81896,s,l
2025-03-11 13:42:10,0.99800000,38.80838,s,l
2025-03-11 13:42:11,0.99800000,13.29595,s,l
2025-03-11 13:42:14,0.99800000,38.64775,s,l
2025-03-11 13:42:16,0.99800000,38.51517,s,l
2025-03-11 13:42:18,0.99800000,38.50459,s,l
2025-03-11 13:42:19,0.99800000,38.49411,s,l
2025-03-11 13:42:20,0.99800000,38.48352,s,l
2025-03-11 13:42:22,0.99800000,38.47304,s,l
2025-03-11 13:42:24,0.99800000,38.46246,s,l
2025-03-11 13:42:24,0.99800000,855.16235,s,l
2025-03-11 13:42:26,0.99800000,38.47144,s,l
2025-03-11 13:42:27,0.99800000,38.48043,s,l
2025-03-11 13:42:28,0.99800000,38.34775,s,l
2025-03-11 13:42:28,0.99800000,38.33727,s,l
2025-03-11 13:42:29,0.99800000,38.32669,s,l
2025-03-11 13:42:29,0.99800000,38.33567,s,l
2025-03-11 13:42:29,0.99800000,38.34466,s,l
2025-03-11 13:42:30,0.99800000,38.35364,s,l
2025-03-11 13:42:30,0.99800000,38.36263,s,l
2025-03-11 13:42:30,0.99800000,38.37161,s,l
2025-03-11 13:42:30,0.99800000,22.55979,s,l
2025-03-11 13:42:32,0.99800000,38.37161,s,l
2025-03-11 13:42:33,0.99800000,38.37530,s,l
2025-03-11 13:42:33,0.99800000,22.55610,s,l
2025-03-11 13:42:35,0.99800000,6764.44799,s,l
2025-03-11 13:42:35,0.99800000,18.62034,s,l
2025-03-11 15:09:24,0.99800000,20.39618,s,l
2025-03-11 18:00:36,0.99800000,495.07353,s,l
2025-03-11 18:00:36,0.99800000,373.65472,s,l
2025-03-11 18:00:36,0.99800000,493.40552,s,l
2025-03-11 18:00:36,0.99800000,493.39320,s,l
2025-03-11 18:00:36,0.99800000,493.41812,s,l
2025-03-11 18:00:36,0.99800000,493.44295,s,l
2025-03-11 18:00:36,0.99800000,493.46788,s,l
2025-03-11 18:00:36,0.99800000,493.49271,s,l
2025-03-11 18:00:36,0.99800000,493.51754,s,l
2025-03-11 18:00:36,0.99800000,493.54237,s,l
2025-03-11 18:00:36,0.99800000,493.56720,s,l
2025-03-11 18:00:36,0.99800000,493.59212,s,l
2025-03-11 18:00:36,0.99800000,493.61686,s,l
2025-03-11 18:00:36,0.99800000,493.64160,s,l
2025-03-11 18:00:36,0.99800000,493.66635,s,l
2025-03-11 18:00:36,0.99800000,493.69109,s,l
2025-03-11 18:00:36,0.99800000,493.71583,s,l
2025-03-11 18:00:36,0.99800000,493.74057,s,l
2025-03-11 18:00:36,0.99800000,493.76540,s,l
2025-03-11 18:00:36,0.99800000,493.79023,s,l
2025-03-11 18:00:36,0.99800000,493.81506,s,l
2025-03-11 18:00:36,0.99800000,493.83989,s,l
2025-03-11 18:00:36,0.99800000,493.86472,s,l
2025-03-11 18:00:36,0.99800000,493.88965,s,l
2025-03-11 18:00:36,0.99800000,493.91457,s,l
2025-03-11 18:00:36,0.99800000,493.93940,s,l
2025-03-11 18:00:36,0.99800000,493.96423,s,l
2025-03-11 18:00:36,0.99800000,493.98906,s,l
2025-03-11 18:00:36,0.99800000,21.64545,s,l
2025-03-11 19:24:33,0.99900000,7.51855,b,l
2025-03-11 19:24:33,0.99900000,7.51925,b,l
2025-03-11 19:24:33,0.99900000,7.51994,b,l
2025-03-11 19:24:33,0.99900000,7.52064,b,l
2025-03-11 19:24:33,0.99900000,7.52134,b,l
2025-03-11 19:24:33,0.99900000,7.52204,b,l
2025-03-11 19:24:33,0.99900000,7.52274,b,l
2025-03-11 19:24:33,0.99900000,7.52343,b,l
2025-03-11 19:24:33,0.99900000,7.52413,b,l
2025-03-11 19:24:33,0.99900000,7.52483,b,l
2025-03-11 19:24:33,0.99900000,7.52553,b,l
2025-03-11 19:24:33,0.99900000,7.52623,b,l
2025-03-11 19:24:33,0.99900000,7.52692,b,l
2025-03-11 19:24:33,0.99900000,7.52762,b,l
2025-03-11 19:24:33,0.99900000,7.52832,b,l
2025-03-11 19:24:34,0.99900000,7.52902,b,l
2025-03-11 19:24:34,0.99900000,7.52972,b,l
2025-03-11 19:24:34,0.99900000,7.53041,b,l
2025-03-11 19:24:34,0.99900000,7.53111,b,l
2025-03-11 19:24:34,0.99900000,7.53181,b,l
2025-03-11 19:24:34,0.99900000,7.53251,b,l
2025-03-11 19:24:34,0.99900000,7.53320,b,l
2025-03-11 19:24:34,0.99900000,7.53390,b,l
2025-03-11 19:24:34,0.99900000,7.53460,b,l
2025-03-11 19:24:34,0.99900000,7.53530,b,l
2025-03-11 19:24:34,0.99900000,7.53600,b,l
2025-03-11 19:24:34,0.99900000,7.53669,b,l
2025-03-11 19:24:34,0.99900000,7.53739,b,l
2025-03-11 19:24:34,0.99900000,7.53809,b,l
2025-03-11 19:24:34,0.99900000,7.53879,b,l
2025-03-11 19:24:34,0.99900000,7.53949,b,l
2025-03-11 19:24:34,0.99900000,7.54018,b,l
2025-03-11 19:24:34,0.99900000,7.54098,b,l
2025-03-11 19:24:34,0.99900000,7.54178,b,l
2025-03-11 19:24:34,0.99900000,7.54258,b,l
2025-03-11 19:24:34,0.99900000,7.54337,b,l
2025-03-11 19:24:34,0.99900000,7.54417,b,l
2025-03-11 19:24:34,0.99900000,7.54487,b,l
2025-03-11 19:24:34,0.99900000,7.54557,b,l
2025-03-11 19:24:34,0.99900000,7.54627,b,l
2025-03-11 19:24:34,0.99900000,7.54696,b,l
2025-03-11 19:24:34,0.99900000,7.54766,b,l
2025-03-11 19:24:34,0.99900000,7.54836,b,l
2025-03-11 19:24:34,0.99900000,7.54906,b,l
2025-03-11 19:24:34,0.99900000,7.54975,b,l
2025-03-11 19:24:34,0.99900000,7.55045,b,l
2025-03-11 19:24:34,0.99900000,7.55115,b,l
2025-03-11 19:24:34,0.99900000,7.55185,b,l
2025-03-11 19:24:34,0.99900000,7.55255,b,l
2025-03-11 19:24:34,0.99900000,7.55324,b,l
2025-03-11 19:24:34,0.99900000,7.55394,b,l
2025-03-11 19:24:34,0.99900000,7.55464,b,l
2025-03-11 19:24:34,0.99900000,7.55534,b,l
2025-03-11 19:24:34,0.99900000,7.55604,b,l
2025-03-11 19:24:34,0.99900000,7.55673,b,l
2025-03-11 19:24:34,0.99900000,7.55743,b,l
2025-03-11 19:24:34,0.99900000,7.55813,b,l
2025-03-11 19:24:34,0.99900000,7.55883,b,l
2025-03-11 19:24:34,0.99900000,7.55953,b,l
2025-03-11 19:24:34,0.99900000,7.56022,b,l
2025-03-11 19:24:34,0.99900000,7.56092,b,l
2025-03-11 19:24:34,0.99900000,7.56162,b,l
2025-03-11 19:24:34,0.99900000,7.56232,b,l
2025-03-11 19:24:34,0.99900000,7.56301,b,l
2025-03-11 19:24:34,0.99900000,7.56381,b,l
2025-03-11 19:24:34,0.99900000,7.56461,b,l
2025-03-11 19:24:34,0.99900000,7.56541,b,l
2025-03-11 19:24:34,0.99900000,7.56621,b,l
2025-03-11 19:24:34,0.99900000,7.56700,b,l
2025-03-11 19:24:34,0.99900000,7.56780,b,l
2025-03-11 19:24:34,0.99900000,7.56860,b,l
2025-03-11 19:24:34,0.99900000,7.56940,b,l
2025-03-11 19:24:34,0.99900000,7.57019,b,l
2025-03-11 19:24:34,0.99900000,7.57099,b,l
2025-03-11 19:24:34,0.99900000,7.57169,b,l
2025-03-11 19:24:34,0.99900000,7.57239,b,l
2025-03-11 19:24:34,0.99900000,7.57308,b,l
2025-03-11 19:24:34,0.99900000,7.57378,b,l
2025-03-11 19:24:34,0.99900000,7.57448,b,l
2025-03-11 19:24:34,0.99900000,7.57518,b,l
2025-03-11 19:24:34,0.99900000,7.57588,b,l
2025-03-11 19:24:34,0.99900000,7.57657,b,l
2025-03-11 19:24:34,0.99900000,7.57727,b,l
2025-03-11 19:24:34,0.99900000,7.57797,b,l
2025-03-11 19:24:34,0.99900000,7.57867,b,l
2025-03-11 19:24:34,0.99900000,7.57937,b,l
2025-03-11 19:24:34,0.99900000,7.58006,b,l
2025-03-11 19:24:34,0.99900000,7.58076,b,l
2025-03-11 19:24:34,0.99900000,7.58146,b,l
2025-03-11 19:24:34,0.99900000,7.58216,b,l
2025-03-11 19:24:34,0.99900000,7.58286,b,l
2025-03-11 19:24:34,0.99900000,7.58355,b,l
2025-03-11 19:24:34,0.99900000,7.58425,b,l
2025-03-11 19:24:34,0.99900000,7.58495,b,l
2025-03-11 19:24:34,0.99900000,7.58565,b,l
2025-03-11 19:24:34,0.99900000,7.58634,b,l
2025-03-11 19:24:34,0.99900000,7.58704,b,l
2025-03-11 19:24:34,0.99900000,7.58774,b,l
2025-03-11 19:24:34,0.99900000,7.58844,b,l
2025-03-11 19:24:34,0.99900000,7.58914,b,l
2025-03-11 19:24:34,0.99900000,7.58983,b,l
2025-03-11 19:24:34,0.99900000,7.59063,b,l
2025-03-11 19:24:34,0.99900000,7.59143,b,l
2025-03-11 19:24:34,0.99900000,7.59223,b,l
2025-03-11 19:24:34,0.99900000,7.59302,b,l
2025-03-11 19:24:34,0.99900000,7.59382,b,l
2025-03-11 19:24:34,0.99900000,7.59462,b,l
2025-03-11 19:24:34,0.99900000,7.59542,b,l
2025-03-11 19:24:34,0.99900000,7.59621,b,l
2025-03-11 19:24:34,0.99900000,7.59701,b,l
2025-03-11 19:24:34,0.99900000,7.59781,b,l
2025-03-11 19:24:34,0.99900000,7.59851,b,l
2025-03-11 19:24:34,0.99900000,7.59921,b,l
2025-03-11 19:24:35,0.99900000,7.59990,b,l
2025-03-11 19:24:35,0.99900000,7.60060,b,l
2025-03-11 19:24:35,0.99900000,7.60130,b,l
2025-03-11 19:24:35,0.99900000,7.60200,b,l
2025-03-11 19:24:35,0.99900000,7.60270,b,l
2025-03-11 19:24:35,0.99900000,7.60339,b,l
2025-03-11 19:24:35,0.99900000,7.60409,b,l
2025-03-11 19:24:35,0.99900000,7.60479,b,l
2025-03-11 19:24:35,0.99900000,7.60549,b,l
2025-03-11 19:24:35,0.99900000,7.60618,b,l
2025-03-11 19:24:35,0.99900000,7.60688,b,l
2025-03-11 19:24:35,0.99900000,7.60758,b,l
2025-03-11 19:24:35,0.99900000,7.60828,b,l
2025-03-11 19:24:35,0.99900000,7.60898,b,l
2025-03-11 19:24:35,0.99900000,7.60967,b,l
2025-03-11 19:24:35,0.99900000,7.61037,b,l
2025-03-11 19:24:35,0.99900000,7.61107,b,l
2025-03-11 19:24:35,0.99900000,7.61177,b,l
2025-03-11 19:24:35,0.99900000,7.61247,b,l
2025-03-11 19:24:35,0.99900000,7.61316,b,l
2025-03-11 19:24:35,0.99900000,7.61396,b,l
2025-03-11 19:24:35,0.99900000,7.61476,b,l
2025-03-11 19:24:35,0.99900000,7.61556,b,l
2025-03-11 19:24:35,0.99900000,7.61635,b,l
2025-03-11 19:24:35,0.99900000,7.61715,b,l
2025-03-11 19:24:35,0.99900000,7.61795,b,l
2025-03-11 19:24:35,0.99900000,7.61875,b,l
2025-03-11 19:24:35,0.99900000,7.61954,b,l
2025-03-11 19:24:35,0.99900000,7.62034,b,l
2025-03-11 19:24:35,0.99900000,7.62114,b,l
2025-03-11 19:24:35,0.99900000,7.62194,b,l
2025-03-11 19:24:35,0.99900000,7.62273,b,l
2025-03-11 19:24:35,0.99900000,7.62353,b,l
2025-03-11 19:24:35,0.99900000,7.62433,b,l
2025-03-11 19:24:35,0.99900000,7.62513,b,l
2025-03-11 19:24:35,0.99900000,7.62583,b,l
2025-03-11 19:24:35,0.99900000,7.62652,b,l
2025-03-11 19:24:35,0.99900000,7.62722,b,l
2025-03-11 19:24:35,0.99900000,7.62792,b,l
2025-03-11 19:24:35,0.99900000,7.62862,b,l
2025-03-11 19:24:35,0.99900000,7.62932,b,l
2025-03-11 19:24:35,0.99900000,7.63001,b,l
2025-03-11 19:24:35,0.99900000,7.63071,b,l
2025-03-11 19:24:35,0.99900000,7.63141,b,l
2025-03-11 19:24:35,0.99900000,7.63211,b,l
2025-03-11 19:24:35,0.99900000,7.63280,b,l
2025-03-11 19:24:35,0.99900000,7.63350,b,l
2025-03-11 19:24:35,0.99900000,7.63420,b,l
2025-03-11 19:24:35,0.99900000,7.63490,b,l
2025-03-11 19:24:35,0.99900000,7.63560,b,l
2025-03-11 19:24:35,0.99900000,7.63629,b,l
2025-03-11 19:24:35,0.99900000,7.63699,b,l
2025-03-11 19:24:35,0.99900000,7.63769,b,l
2025-03-11 19:24:35,0.99900000,7.63839,b,l
2025-03-11 19:24:35,0.99900000,7.63909,b,l
2025-03-11 19:24:35,0.99900000,7.63978,b,l
2025-03-11 19:24:35,0.99900000,7.64058,b,l
2025-03-11 19:24:35,0.99900000,7.64138,b,l
2025-03-11 19:24:35,0.99900000,7.64218,b,l
2025-03-11 19:24:35,0.99900000,7.64297,b,l
2025-03-11 19:24:35,0.99900000,7.64377,b,l
2025-03-11 19:24:35,0.99900000,7.64457,b,l
2025-03-11 19:24:35,0.99900000,7.64537,b,l
2025-03-11 19:24:35,0.99900000,7.64616,b,l
2025-03-11 19:24:35,0.99900000,7.64696,b,l
2025-03-11 19:24:35,0.99900000,7.64776,b,l
2025-03-11 19:24:35,0.99900000,7.64856,b,l
2025-03-11 19:24:35,0.99900000,7.64935,b,l
2025-03-11 19:24:35,0.99900000,7.65015,b,l
2025-03-11 19:24:35,0.99900000,7.65095,b,l
2025-03-11 19:24:35,0.99900000,7.65175,b,l
2025-03-11 19:24:35,0.99900000,7.65245,b,l
2025-03-11 19:24:35,0.99900000,7.65314,b,l
2025-03-11 19:24:35,0.99900000,7.65384,b,l
2025-03-11 19:24:36,0.99900000,205.47419,b,l
2025-03-11 19:25:01,0.99900000,2206.93758,b,l
2025-03-11 19:25:01,0.99900000,8941.31515,b,l
2025-03-11 19:25:01,0.99900000,4515.33616,b,l
2025-03-11 19:25:01,0.99900000,27139.44684,b,l
2025-03-11 19:25:01,0.99900000,7.26723,b,l
2025-03-11 19:25:01,0.99900000,91.72928,b,l
2025-03-11 19:25:01,0.99900000,91.75729,b,l
2025-03-11 19:25:01,0.99900000,91.78540,b,l
2025-03-11 19:25:01,0.99900000,91.81351,b,l
2025-03-11 19:25:01,0.99900000,91.84162,b,l
2025-03-11 19:25:01,0.99900000,91.86973,b,l
2025-03-11 19:25:01,0.99900000,91.89784,b,l
2025-03-11 19:25:01,0.99900000,91.92605,b,l
2025-03-11 19:25:01,0.99900000,91.95426,b,l
2025-03-11 19:25:01,0.99900000,91.98247,b,l
2025-03-11 19:25:01,0.99900000,92.01068,b,l
2025-03-11 19:25:01,0.99900000,92.03889,b,l
2025-03-11 19:25:01,0.99900000,92.06710,b,l
2025-03-11 19:25:01,0.99900000,92.09541,b,l
2025-03-11 19:25:01,0.99900000,92.12372,b,l
2025-03-11 19:25:01,0.99900000,92.15202,b,l
2025-03-11 19:25:01,0.99900000,92.18033,b,l
2025-03-11 19:25:01,0.99900000,92.20864,b,l
2025-03-11 19:25:01,0.99900000,92.23695,b,l
2025-03-11 19:25:01,0.99900000,92.26526,b,l
2025-03-11 19:25:01,0.99900000,92.29357,b,l
2025-03-11 19:25:01,0.99900000,92.32188,b,l
2025-03-11 19:25:01,0.99900000,92.35019,b,l
2025-03-11 19:25:01,0.99900000,92.37860,b,l
2025-03-11 19:25:01,0.99900000,92.40701,b,l
2025-03-11 19:25:01,0.99900000,92.43541,b,l
2025-03-11 19:25:01,0.99900000,92.46382,b,l
2025-03-11 19:25:01,0.99900000,92.49223,b,l
2025-03-11 19:25:02,0.99900000,74.67082,b,l
2025-03-11 20:24:47,0.99900000,906.77549,b,l
2025-03-11 20:24:47,0.99900000,13.74374,b,l
2025-03-12 11:50:26,0.99900000,197.19900,b,l
2025-03-12 11:58:07,0.99900000,9185.39609,b,l
2025-03-12 11:58:07,0.99900000,605.66939,b,l
2025-03-12 11:58:07,0.99900000,664.46499,b,l
2025-03-12 11:58:07,0.99900000,10871.44314,b,l
2025-03-12 11:58:07,0.99900000,664.59919,b,l
2025-03-12 11:58:07,0.99900000,9185.39609,b,l
2025-03-12 11:58:07,0.99900000,702.68089,b,l
2025-03-12 12:24:06,0.99900000,33.47537,b,l
2025-03-12 12:24:06,0.99900000,33.48215,b,l
2025-03-12 12:24:06,0.99900000,33.48892,b,l
2025-03-12 12:24:06,0.99900000,549.06738,b,l
2025-03-12 12:24:06,0.99900000,762.83780,b,l
2025-03-12 12:24:06,0.99900000,762.05529,b,l
2025-03-12 12:24:06,0.99900000,762.13269,b,l
2025-03-12 12:24:06,0.99900000,762.21009,b,l
2025-03-12 12:24:07,0.99900000,762.28749,b,l
2025-03-12 12:24:07,0.99900000,762.36498,b,l
2025-03-12 12:24:07,0.99900000,762.44247,b,l
2025-03-12 12:24:07,0.99900000,762.51996,b,l
2025-03-12 12:24:07,0.99900000,762.59754,b,l
2025-03-12 12:24:07,0.99900000,762.67504,b,l
2025-03-12 12:24:07,0.99900000,762.75253,b,l
2025-03-12 12:24:07,0.99900000,762.83002,b,l
2025-03-12 12:24:08,0.99900000,21.89025,b,l
2025-03-12 12:24:08,0.99900000,762.90962,b,l
2025-03-12 12:24:08,0.99900000,762.98711,b,l
2025-03-12 12:24:08,0.99900000,763.06460,b,l
2025-03-12 12:24:08,0.99900000,763.14218,b,l
2025-03-12 12:24:08,0.99900000,763.21967,b,l
2025-03-12 12:24:08,0.99900000,763.29716,b,l
2025-03-12 12:24:08,0.99900000,763.37475,b,l
2025-03-12 12:24:08,0.99900000,763.45233,b,l
2025-03-12 12:24:09,0.99900000,1076.07459,b,l
2025-03-13 05:40:14,0.99800000,96.00000,s,l
2025-03-13 05:40:14,0.99800000,36.98050,s,l
2025-03-13 06:31:53,0.99900000,13.23323,b,m
2025-03-13 06:43:41,0.99850000,10000.00000,b,l
2025-03-13 06:43:45,0.99850000,10000.00000,b,l
2025-03-13 06:43:50,0.99850000,10000.00000,b,l
2025-03-13 06:43:55,0.99850000,9999.90000,b,l
2025-03-13 06:43:55,0.99850000,0.10000,b,l
2025-03-13 06:44:00,0.99850000,10000.00000,b,l
2025-03-13 06:44:04,0.99850000,10000.00000,b,l
2025-03-13 06:44:09,0.99850000,10000.00000,b,l
2025-03-13 06:44:14,0.99850000,879.77872,b,l
2025-03-13 06:44:14,0.99850000,9120.22128,b,l
2025-03-13 06:44:18,0.99850000,10000.00000,b,l
2025-03-13 06:44:25,0.99850000,879.91687,b,l
2025-03-13 06:44:25,0.99850000,9120.08311,b,l
2025-03-13 06:44:30,0.99850000,15.03123,b,l
2025-03-13 08:17:59,0.99850000,537.04060,b,l
2025-03-13 08:17:59,0.99850000,535.80839,b,l
2025-03-13 08:17:59,0.99850000,535.84959,b,l
2025-03-13 08:17:59,0.99850000,535.89089,b,l
2025-03-13 08:17:59,0.99850000,535.93208,b,l
2025-03-13 08:17:59,0.99850000,535.97338,b,l
2025-03-13 08:17:59,0.99850000,536.01468,b,l
2025-03-13 08:17:59,0.99850000,536.05597,b,l
2025-03-13 08:17:59,0.99850000,536.09727,b,l
2025-03-13 08:17:59,0.99850000,536.13867,b,l
2025-03-13 08:17:59,0.99850000,536.13053,b,l
2025-03-13 08:18:00,0.99850000,536.29229,b,l
2025-03-13 08:18:00,0.99850000,3566.77566,b,l
2025-03-13 08:18:02,0.99870000,1047.57165,s,l
2025-03-13 08:18:02,0.99850000,138.88526,b,l
2025-03-13 08:18:22,0.99750000,1022.65637,s,l
2025-03-13 10:29:04,0.99850000,10000.00000,b,l
2025-03-13 10:57:24,0.99850000,9221.84396,b,l
2025-03-13 10:57:24,0.99850000,778.15604,b,l
2025-03-13 11:58:42,0.99900000,10000.00000,b,l
2025-03-13 12:17:18,0.99850000,15.44185,b,l
2025-03-13 12:24:02,0.99850000,10000.00000,b,l
2025-03-13 12:39:59,0.99800000,10000.00000,b,l
2025-03-13 12:40:15,0.99800000,9999.90000,b,l
2025-03-13 12:40:15,0.99800000,0.10000,b,l
2025-03-13 12:40:35,0.99800000,77.91054,b,l
2025-03-13 12:40:35,0.99800000,77.91873,b,l
2025-03-13 12:40:35,0.99800000,77.92692,b,l
2025-03-13 12:40:35,0.99800000,77.93511,b,l
2025-03-13 12:40:35,0.99800000,77.94329,b,l
2025-03-13 12:40:35,0.99800000,77.95148,b,l
2025-03-13 12:40:35,0.99800000,77.95967,b,l
2025-03-13 12:40:35,0.99800000,77.96786,b,l
2025-03-13 12:40:35,0.99800000,77.97604,b,l
2025-03-13 12:40:35,0.99800000,77.98423,b,l
2025-03-13 12:40:35,0.99800000,77.99242,b,l
2025-03-13 12:40:35,0.99800000,78.00061,b,l
2025-03-13 12:40:35,0.99800000,78.00879,b,l
2025-03-13 12:40:35,0.99800000,78.01689,b,l
2025-03-13 12:40:36,0.99800000,78.02499,b,l
2025-03-13 12:40:36,0.99800000,78.03308,b,l
2025-03-13 12:40:36,0.99800000,78.04108,b,l
2025-03-13 12:40:39,0.99800000,5341.12712,b,l
2025-03-13 12:40:39,0.99800000,1325.00000,b,l
2025-03-13 12:40:39,0.99800000,1361.69673,b,l
2025-03-13 12:40:39,0.99800000,647.17615,b,l
2025-03-13 12:40:52,0.99790000,133.90036,b,l
2025-03-13 12:40:52,0.99790000,133.91384,b,l
2025-03-13 12:40:52,0.99790000,133.92731,b,l
2025-03-13 12:40:53,0.99790000,133.94079,b,l
2025-03-13 12:40:53,0.99790000,133.95426,b,l
2025-03-13 12:40:53,0.99790000,133.96773,b,l
2025-03-13 12:40:53,0.99790000,133.98121,b,l
2025-03-13 12:40:53,0.99790000,133.99478,b,l
2025-03-13 12:40:53,0.99790000,134.00826,b,l
2025-03-13 12:40:53,0.99790000,118.05997,b,l
2025-03-13 12:41:00,0.99800000,1324.98674,b,l
2025-03-13 12:41:40,0.99800000,10000.00000,b,l
2025-03-13 12:43:04,0.99800000,9999.89999,b,l
2025-03-13 12:43:04,0.99800000,0.10001,b,l
2025-03-13 12:43:23,0.99800000,59.56259,b,l
2025-03-13 12:43:23,0.99800000,59.57467,b,l
2025-03-13 12:43:38,0.99800000,10000.00000,b,l
2025-03-13 12:45:59,0.99800000,13.79017,b,l
2025-03-13 12:45:59,0.99800000,59.59601,b,l
2025-03-13 12:45:59,0.99800000,59.61394,b,l
2025-03-13 12:45:59,0.99800000,59.63188,b,l
2025-03-13 12:45:59,0.99800000,59.64983,b,l
2025-03-13 12:45:59,0.99800000,59.66499,b,l
2025-03-13 12:45:59,0.99800000,59.67686,b,l
2025-03-13 12:45:59,0.99800000,59.68884,b,l
2025-03-13 12:46:28,0.99800000,197.59058,b,l
2025-03-13 12:46:28,0.99800000,197.70682,b,l
2025-03-13 12:46:28,0.99800000,44.71752,b,l
2025-03-13 12:46:47,0.99840000,197.38903,b,l
2025-03-13 12:50:35,0.99800000,9999.89999,b,l
2025-03-13 12:50:35,0.99800000,0.10001,b,l
2025-03-13 12:54:05,0.99800000,10000.00000,b,l
2025-03-13 12:54:55,0.99850000,184.71795,b,l
2025-03-13 12:54:59,0.99800000,10000.00000,b,l
2025-03-13 12:57:34,0.99800000,228.65375,b,l
2025-03-13 12:57:34,0.99800000,228.69078,b,l
2025-03-13 12:58:04,0.99790000,215.91358,b,l
2025-03-13 12:58:04,0.99790000,12.84290,b,l
2025-03-13 13:10:02,0.99800000,112.94789,b,l
2025-03-13 13:10:02,0.99800000,117.47111,b,l
2025-03-13 19:55:48,0.99950000,500.25012,b,l
2025-03-14 20:07:32,0.99950000,5000.00000,s,l
2025-03-14 20:07:34,0.99950000,5000.00000,s,l
2025-03-14 20:10:26,0.99900000,5000.00000,s,l
2025-03-14 20:14:50,0.99900000,5000.00000,s,l
2025-03-14 20:58:12,0.99850000,4999.99999,b,l
2025-03-14 20:58:37,0.99850000,5000.00000,b,l
2025-03-14 20:59:03,0.99850000,4999.95000,b,l
2025-03-14 20:59:03,0.99850000,0.05000,b,l
2025-03-14 21:00:28,0.99800000,4999.95000,b,l
2025-03-14 21:00:28,0.99800000,0.05000,b,l
2025-03-14 21:00:44,0.99850000,4999.95000,b,l
2025-03-14 21:00:44,0.99850000,0.05000,b,l
2025-03-14 21:02:21,0.99800000,4999.94999,b,l
2025-03-14 21:02:21,0.99800000,0.05001,b,l
2025-03-14 21:02:32,0.99850000,5000.00000,b,l
2025-03-14 21:02:53,0.99800000,196.62685,b,l
2025-03-14 21:02:53,0.99800000,196.85799,b,l
2025-03-14 21:02:53,0.99800000,29.26883,b,l
2025-03-14 21:02:54,0.99800000,132.92266,b,l
2025-03-14 21:02:54,0.99800000,132.92266,b,l
2025-03-14 21:02:54,0.99800000,132.92266,b,l
2025-03-14 21:02:54,0.99800000,132.92266,b,l
2025-03-14 21:02:54,0.99800000,132.92266,b,l
2025-03-14 21:02:54,0.99800000,132.92266,b,l
2025-03-14 21:02:54,0.99800000,132.92266,b,l
2025-03-14 21:02:54,0.99800000,132.92266,b,l
2025-03-14 21:02:54,0.99800000,132.92266,b,l
2025-03-14 21:02:54,0.99800000,132.92266,b,l
2025-03-14 21:02:54,0.99800000,132.92266,b,l
2025-03-14 21:02:54,0.99800000,132.92266,b,l
2025-03-14 21:02:54,0.99800000,132.92266,b,l
2025-03-14 21:02:54,0.99800000,132.92266,b,l
2025-03-14 21:02:54,0.99800000,43.91169,b,l
2025-03-14 21:02:54,0.99800000,43.93294,b,l
2025-03-14 21:02:54,0.99800000,43.95419,b,l
2025-03-14 21:02:54,0.99800000,43.97545,b,l
2025-03-14 21:02:54,0.99800000,43.99670,b,l
2025-03-14 21:02:54,0.99800000,44.01805,b,l
2025-03-14 21:02:54,0.99800000,44.03940,b,l
2025-03-14 21:02:54,0.99800000,44.06075,b,l
2025-03-14 21:02:54,0.99800000,44.08210,b,l
2025-03-14 21:02:54,0.99800000,44.10355,b,l
2025-03-14 21:03:18,0.99800000,4999.94999,b,l
2025-03-14 21:03:18,0.99800000,0.05001,b,l
2025-03-14 21:03:19,0.99840000,29.63058,b,l
2025-03-14 21:03:19,0.99840000,29.63955,b,l
2025-03-14 21:03:19,0.99840000,29.64852,b,l
2025-03-14 21:03:19,0.99840000,29.65750,b,l
2025-03-14 21:03:20,0.99840000,29.66648,b,l
2025-03-14 21:03:24,0.99850000,5000.00000,b,l
2025-03-14 21:03:26,0.99850000,4999.95000,b,l
2025-03-14 21:03:26,0.99850000,0.05000,b,l
2025-03-14 21:03:56,0.99850000,5000.00000,b,l
2025-03-14 21:04:01,0.99850000,5000.00000,b,l
2025-03-14 21:04:09,0.99850000,5000.00000,b,l
2025-03-14 21:04:52,0.99850000,5000.00000,b,l
2025-03-14 21:05:16,0.99850000,5000.00000,b,l
2025-03-14 21:05:34,0.99800000,76.57483,b,l
2025-03-14 21:05:34,0.99800000,62.09294,b,l
2025-03-14 21:05:34,0.99800000,62.28058,b,l
2025-03-14 21:05:37,0.99800000,5000.00000,b,l
2025-03-14 21:06:28,0.99850000,2041.52008,b,l
2025-03-15 09:57:29,0.99900000,13.68040,s,l
2025-03-16 13:59:28,0.99950000,25.11500,b,l
2025-03-16 14:01:04,0.99900000,13.23323,s,m
2025-03-16 14:01:36,0.99900000,25.11490,s,l
2025-03-16 16:56:02,0.99950000,31.75250,b,l
2025-03-16 16:56:47,0.99900000,31.75260,s,l
2025-03-17 01:46:08,0.99900000,9916.21886,s,l
2025-03-17 21:22:18,1.00050000,98.48730,b,l
2025-03-17 21:23:27,0.99800000,98.48730,s,l
2025-03-18 06:51:34,0.99850000,732.05583,s,l
2025-03-18 06:51:34,0.99850000,729.55255,s,l
2025-03-18 06:51:34,0.99850000,729.69771,s,l
2025-03-18 06:51:34,0.99850000,729.84296,s,l
2025-03-18 06:51:34,0.99850000,729.98824,s,l
2025-03-18 06:51:34,0.99850000,730.13353,s,l
2025-03-18 06:51:34,0.99850000,618.72915,s,l
2025-03-18 06:51:38,0.99850000,730.46414,s,l
2025-03-18 06:51:38,0.99850000,730.54743,s,l
2025-03-18 06:51:38,0.99850000,730.69285,s,l
2025-03-18 06:51:38,0.99850000,730.83828,s,l
2025-03-18 06:51:38,0.99850000,730.98376,s,l
2025-03-18 06:51:38,0.99850000,731.12925,s,l
2025-03-18 06:51:38,0.99850000,614.34429,s,l
2025-03-18 08:15:32,0.99850000,732.78343,s,l
2025-03-18 08:15:32,0.99850000,733.02946,s,l
2025-03-18 08:15:32,0.99850000,3534.18711,s,l
2025-03-18 08:15:36,0.99830000,2651.47034,b,l
2025-03-18 08:15:36,0.99850000,1465.81289,b,l
2025-03-18 22:26:51,0.99850000,6.64615,s,l
2025-03-19 07:52:18,0.99850000,1570.43235,s,l
2025-03-19 07:52:38,0.99850000,3422.92150,s,l
2025-03-19 07:52:38,0.99850000,6.00000,s,l
2025-03-19 07:52:38,0.99850000,1571.00000,s,l
2025-03-19 08:02:55,0.99850000,5000.00000,s,l
2025-03-19 08:03:00,0.99850000,5000.00000,s,l
2025-03-19 08:03:04,0.99850000,1376.45264,s,l
2025-03-19 08:03:04,0.99850000,3623.54736,s,l
2025-03-19 08:03:09,0.99850000,1376.45264,b,l
2025-03-19 18:00:16,0.99850000,886.95368,s,l
2025-03-19 18:00:18,0.99850000,4113.04631,s,l
2025-03-20 22:51:08,0.99800000,9.28590,s,l
2025-03-21 00:21:41,1.00050000,65.14742,b,l
2025-03-21 12:41:05,0.99950000,5000.00000,b,l
2025-03-22 12:31:52,0.99900000,52.46366,s,l
2025-03-23 11:06:25,0.99900000,2933.46207,s,l
2025-03-23 11:06:25,0.99900000,2060.33831,s,l
2025-03-23 13:12:26,0.99950000,5000.00000,b,l
2025-03-23 13:12:26,0.99900000,5000.00000,s,l
2025-03-23 13:12:32,0.99900000,4953.73596,s,l
2025-03-23 13:12:32,0.99900000,46.26404,s,l
2025-03-23 13:12:37,0.99900000,4953.73596,s,l
2025-03-23 18:14:55,0.99850000,4999.99999,s,l
2025-03-23 18:14:57,0.99850000,2380.95238,b,l
2025-03-23 18:27:16,0.99850000,2618.04762,s,l
2025-03-23 18:27:16,0.99850000,2380.95238,s,l
2025-03-23 21:25:15,0.99850000,0.04762,s,l
2025-03-23 21:25:15,0.99850000,4999.00000,s,l
2025-03-23 23:34:47,0.99950000,99.34967,b,m
2025-03-23 23:35:20,0.99850000,99.34967,s,l
2025-03-24 01:03:01,0.99900000,5000.00000,s,l
2025-03-24 01:06:02,0.99900000,5000.00000,s,l
2025-03-24 17:48:53,0.99850000,243.71802,s,l
2025-03-24 17:53:08,0.99850000,6.25845,s,l
2025-03-26 11:10:54,0.99950000,2263.37040,b,l
2025-03-26 11:10:54,0.99950000,473.25920,b,l
2025-03-26 11:10:54,0.99950000,1790.11120,b,l
2025-03-26 11:10:55,0.99950000,231.18459,b,l
2025-03-26 11:20:05,0.99950000,242.07461,b,l
2025-03-26 11:20:05,0.99950000,3272.66461,b,l
2025-03-26 11:20:06,0.99950000,1253.33539,b,l
2025-03-26 11:20:06,0.99950000,231.00000,b,l
2025-03-26 11:20:15,0.99950000,3514.73922,b,l
2025-03-26 11:20:15,0.99950000,1485.18617,b,l
2025-03-26 11:20:20,0.99950000,0.07461,b,l
2025-03-26 11:20:20,0.99950000,3514.66461,b,l
2025-03-26 11:20:23,0.99950000,1484.33539,b,l
2025-03-26 11:20:25,0.99950000,3514.73922,b,l
2025-03-26 11:21:54,0.99950000,290.91864,b,l
2025-03-26 11:22:04,0.99950000,290.50871,b,l
2025-03-26 11:22:07,0.99950000,903.83343,b,l
2025-03-26 11:22:07,0.99950000,2610.90579,b,l
2025-03-26 11:22:15,0.99950000,903.09421,b,l
2025-03-26 11:22:15,0.99950000,291.00000,b,l
2025-03-26 11:22:15,0.99950000,291.00000,b,l
2025-03-26 11:22:15,0.99950000,778.56351,b,l
2025-03-26 11:22:15,0.99950000,1251.08150,b,l
2025-03-26 11:22:15,0.99950000,233.27349,b,l
2025-03-26 11:22:15,0.99950000,1017.80801,b,l
2025-03-26 14:20:38,0.99950000,18.46217,b,l
2025-03-27 11:46:22,0.99950000,2494.25914,b,l
2025-03-27 11:46:22,0.99950000,11.48172,b,l
2025-03-27 11:52:54,0.99950000,2494.25914,b,l
2025-03-27 11:52:54,0.99950000,1020.48008,b,l
2025-03-27 11:52:57,0.99950000,1484.51992,b,l
2025-03-27 11:52:57,0.99950000,2030.21930,b,l
2025-03-27 11:53:01,0.99950000,1484.52156,b,l
2025-03-27 11:57:05,0.99950000,0.25914,b,l
2025-03-27 11:57:05,0.99950000,3514.48008,b,l
2025-03-27 11:57:05,0.99950000,0.51992,b,l
2025-03-27 11:57:05,0.99950000,1484.00000,b,l
2025-03-27 11:58:31,0.99950000,155.33776,b,l
2025-03-27 11:58:31,0.99950000,3359.40146,b,l
2025-03-27 11:58:31,0.99950000,155.33776,b,l
2025-03-27 11:58:33,0.99950000,1329.92302,b,l
2025-03-27 11:58:33,0.99950000,2184.81620,b,l
2025-03-27 11:59:07,0.99950000,1330.00000,b,l
2025-03-27 11:59:07,0.99950000,155.18380,b,l
2025-03-27 11:59:07,0.99950000,3359.55542,b,l
2025-03-27 11:59:07,0.99950000,154.44458,b,l
2025-03-27 11:59:12,0.99950000,3514.73922,b,l
2025-03-27 11:59:17,0.99950000,1485.26078,b,l
2025-03-27 11:59:17,0.99950000,2029.47844,b,l
2025-03-27 11:59:22,0.99950000,1484.52156,b,l
2025-03-27 11:59:22,0.99950000,2030.21766,b,l
2025-03-27 11:59:23,0.99950000,1484.59854,b,l
2025-03-27 11:59:27,0.99950000,0.18380,b,l
2025-03-27 11:59:27,0.99950000,3514.55542,b,l
2025-03-27 13:23:07,0.99950000,3514.73922,b,l
2025-03-27 13:23:10,0.99950000,1485.26078,b,l
2025-03-27 13:23:10,0.99950000,2029.47844,b,l
2025-03-27 13:23:10,0.99950000,1484.52156,b,l
2025-03-27 13:39:17,0.99950000,17.13882,b,l
2025-03-27 13:39:20,0.99950000,3514.73922,b,l
2025-03-27 13:39:23,0.99950000,1468.12196,b,l
2025-03-27 13:39:23,0.99950000,17.00000,b,l
2025-03-27 13:39:23,0.99950000,2029.61726,b,l
2025-03-27 13:39:23,0.99950000,1484.38274,b,l
2025-03-27 13:43:49,0.99950000,3514.73922,b,l
2025-03-27 13:43:49,0.99950000,1485.26078,b,l
2025-03-27 13:43:53,0.99950000,3514.73922,b,l
2025-03-27 13:43:53,0.99950000,1485.26078,b,l
2025-03-27 13:43:57,0.99950000,3514.73922,b,l
2025-03-27 13:43:57,0.99950000,3514.73922,b,l
2025-03-27 13:43:59,0.99950000,1485.26078,b,l
2025-03-27 13:44:02,0.99950000,3514.73922,b,l
2025-03-27 13:48:29,0.99950000,1485.26078,b,l
2025-03-27 13:48:29,0.99950000,2029.47844,b,l
2025-03-27 13:48:29,0.99950000,551.95141,b,l
2025-03-27 13:56:51,0.99950000,932.57015,b,l
2025-03-27 13:56:51,0.99950000,354.01494,b,l
2025-03-27 13:56:52,0.99950000,2426.39997,b,l
2025-03-27 13:56:52,0.99950000,1286.58509,b,l
2025-03-27 13:57:20,0.99950000,3514.73922,b,l
2025-03-27 13:57:20,0.99950000,1485.26078,b,l
2025-03-27 13:57:22,0.99950000,3514.73922,b,l
2025-03-27 13:57:26,0.99950000,1485.26078,b,l
2025-03-27 13:57:26,0.99950000,2028.73922,b,l
2025-03-27 13:57:26,0.99950000,1485.26078,b,l
2025-03-27 13:57:52,0.99950000,3514.73922,b,l
2025-03-27 13:57:52,0.99950000,1485.26078,b,l
2025-03-27 13:57:54,0.99950000,3514.73922,b,l
2025-03-27 14:03:49,0.99950000,309.09846,b,l
2025-03-27 14:03:49,0.99950000,1176.16232,b,l
2025-03-27 14:03:49,0.99950000,2338.57690,b,l
2025-03-27 14:03:51,0.99950000,1175.42310,b,l
2025-03-27 14:03:51,0.99950000,3514.73922,b,l
2025-03-27 14:03:56,0.99950000,309.26078,b,l
2025-03-27 14:03:56,0.99950000,3514.73922,b,l
2025-03-27 14:03:57,0.99950000,1175.26078,b,l
2025-03-27 14:04:14,0.99950000,3514.73922,b,l
2025-03-27 14:11:24,0.99950000,1485.26078,b,l
2025-03-27 14:11:24,0.99950000,1014.24025,b,l
2025-03-27 14:11:24,0.99950000,1015.23819,b,l
2025-03-27 14:17:09,0.99950000,1484.52156,b,l
2025-03-27 14:17:09,0.99950000,1.47844,b,l
2025-03-27 14:17:10,0.99950000,1315.60911,b,l
2025-03-27 14:17:10,0.99950000,1308.14786,b,l
2025-03-27 14:17:10,0.99950000,889.76459,b,l
2025-03-28 12:53:27,0.99850000,52.70749,s,l
2025-03-28 12:53:27,0.99850000,18.45738,s,l
2025-03-28 12:53:27,0.99850000,884.39250,s,l
2025-03-28 12:53:27,0.99850000,884.68936,s,l
2025-03-28 12:53:27,0.99850000,884.98631,s,l
2025-03-28 12:53:27,0.99850000,463.40752,s,l
2025-03-28 12:53:39,0.99850000,962.64132,s,l
2025-03-28 12:53:39,0.99850000,848.71812,s,l
2025-03-28 12:53:39,0.99850000,114.05585,s,l
2025-03-28 12:53:39,0.99850000,769.99842,s,l
2025-03-28 13:08:07,0.99850000,68.60500,s,l
2025-03-28 13:08:07,0.99850000,36.62921,s,l
2025-03-28 13:08:07,0.99850000,36.63448,s,l
2025-03-28 13:08:07,0.99850000,68.61483,s,l
2025-03-28 13:08:07,0.99850000,2093.46221,s,l
2025-03-28 13:08:07,0.99850000,2696.00000,s,l
2025-03-28 13:08:10,0.99830000,40.60838,b,l
2025-03-28 13:08:10,0.99850000,4921.71114,s,l
2025-03-28 13:08:10,0.99850000,21.95363,s,l
2025-03-28 13:08:10,0.99850000,15.72685,s,l
2025-03-28 13:08:15,0.99850000,4979.18929,s,l
2025-03-28 13:08:15,0.99850000,20.81071,s,l
2025-03-28 13:08:20,0.99850000,20.82149,s,l
2025-03-28 13:08:20,0.99850000,20.82588,s,l
2025-03-28 13:08:20,0.99850000,20.83017,s,l
2025-03-28 13:08:20,0.99850000,20.83446,s,l
2025-03-28 13:08:20,0.99850000,20.83885,s,l
2025-03-28 13:08:20,0.99850000,20.84324,s,l
2025-03-28 13:08:20,0.99850000,20.84543,s,l
2025-03-28 13:08:20,0.99850000,20.84763,s,l
2025-03-28 13:08:20,0.99850000,20.84982,s,l
2025-03-28 13:08:20,0.99850000,20.85412,s,l
2025-03-28 13:08:20,0.99850000,20.85841,s,l
2025-03-28 13:08:21,0.99850000,20.86280,s,l
2025-03-28 13:08:21,0.99850000,20.86719,s,l
2025-03-28 13:08:21,0.99850000,20.87158,s,l
2025-03-28 13:08:21,0.99850000,20.87597,s,l
2025-03-28 13:08:21,0.99850000,20.88036,s,l
2025-03-28 13:08:21,0.99850000,20.88475,s,l
2025-03-28 13:08:21,0.99850000,20.88914,s,l
2025-03-28 13:08:21,0.99850000,20.89353,s,l
2025-03-28 13:08:21,0.99850000,20.89792,s,l
2025-03-28 13:08:21,0.99850000,20.90231,s,l
2025-03-28 13:08:22,0.99850000,20.90670,s,l
2025-03-28 13:08:22,0.99850000,4493.32057,s,l
2025-03-28 14:20:08,0.99850000,47.69768,s,l
2025-03-28 14:20:08,0.99850000,129.05478,s,l
2025-03-28 14:20:08,0.99850000,176.77376,s,l
2025-03-28 14:20:08,0.99850000,176.79507,s,l
2025-03-28 14:20:08,0.99850000,176.81637,s,l
2025-03-28 14:20:08,0.99850000,176.83777,s,l
2025-03-28 14:20:08,0.99850000,116.02456,s,l
2025-03-28 14:20:32,0.99850000,234.31439,s,l
2025-03-28 14:20:33,0.99850000,234.37616,s,l
2025-03-28 14:20:33,0.99850000,234.41682,s,l
2025-03-28 14:20:33,0.99850000,234.43189,s,l
2025-03-28 14:20:33,0.99850000,62.46074,s,l
2025-03-28 14:41:43,0.99850000,38.96411,s,l
2025-03-28 15:20:30,0.99850000,87.33295,s,l
2025-03-28 15:20:30,0.99850000,87.35051,s,l
2025-03-28 15:20:30,0.99850000,87.36807,s,l
2025-03-28 15:20:30,0.99850000,87.38553,s,l
2025-03-28 15:20:30,0.99850000,87.40309,s,l
2025-03-28 15:20:30,0.99850000,87.42065,s,l
2025-03-28 15:20:30,0.99850000,87.43821,s,l
2025-03-28 15:20:30,0.99850000,87.45578,s,l
2025-03-28 15:20:30,0.99850000,87.47334,s,l
2025-03-28 15:20:30,0.99850000,87.49090,s,l
2025-03-28 15:20:30,0.99850000,87.50846,s,l
2025-03-28 15:20:30,0.99850000,38.65310,s,l
2025-03-28 16:23:02,0.99950000,388.65303,b,l
2025-03-28 16:25:12,0.99950000,406.62731,b,l
2025-03-28 16:25:12,0.99950000,406.71047,b,l
2025-03-28 16:25:12,0.99950000,406.79365,b,l
2025-03-28 16:25:12,0.99950000,406.87684,b,l
2025-03-28 16:25:12,0.99950000,406.96005,b,l
2025-03-28 16:25:12,0.99950000,407.04328,b,l
2025-03-28 16:25:12,0.99950000,407.12652,b,l
2025-03-28 16:25:12,0.99950000,407.20978,b,l
2025-03-28 16:25:12,0.99950000,407.29306,b,l
2025-03-28 16:25:12,0.99950000,407.37635,b,l
2025-03-28 16:25:12,0.99950000,407.45966,b,l
2025-03-28 16:25:12,0.99950000,133.87000,b,l
2025-03-28 16:25:12,0.99950000,273.67299,b,l
2025-03-28 16:25:12,0.99950000,111.54542,b,l
2025-03-28 16:25:18,0.99950000,2.78159,b,l
2025-03-28 16:25:18,0.99950000,404.86813,b,l
2025-03-28 16:25:18,0.99950000,407.73309,b,l
2025-03-28 16:25:18,0.99950000,407.81647,b,l
2025-03-28 16:25:18,0.99950000,407.89987,b,l
2025-03-28 16:25:18,0.99950000,407.98329,b,l
2025-03-28 16:25:18,0.99950000,408.06673,b,l
2025-03-28 16:25:18,0.99950000,408.15018,b,l
2025-03-28 16:25:18,0.99950000,408.23365,b,l
2025-03-28 16:25:18,0.99950000,408.31714,b,l
2025-03-28 16:25:18,0.99950000,408.40064,b,l
2025-03-28 16:25:18,0.99950000,408.48416,b,l
2025-03-28 16:25:18,0.99950000,408.56770,b,l
2025-03-28 16:25:18,0.99950000,102.47894,b,l
2025-03-28 16:25:23,0.99950000,408.67220,b,l
2025-03-28 16:25:23,0.99950000,408.75578,b,l
2025-03-28 16:25:23,0.99950000,408.83937,b,l
2025-03-28 16:25:23,0.99950000,408.92298,b,l
2025-03-28 16:25:23,0.99950000,409.00661,b,l
2025-03-28 16:25:23,0.99950000,409.09026,b,l
2025-03-28 16:25:23,0.99950000,409.17392,b,l
2025-03-28 16:25:23,0.99950000,409.25760,b,l
2025-03-28 16:25:23,0.99950000,409.34130,b,l
2025-03-28 16:25:23,0.99950000,409.42501,b,l
2025-03-28 16:25:23,0.99950000,409.50874,b,l
2025-03-28 16:25:23,0.99950000,409.59249,b,l
2025-03-28 16:25:23,0.99950000,89.41374,b,l
2025-03-28 16:25:27,0.99950000,409.69454,b,l
2025-03-28 16:25:27,0.99950000,409.77833,b,l
2025-03-28 16:25:27,0.99950000,409.86213,b,l
2025-03-28 16:25:27,0.99950000,409.94595,b,l
2025-03-28 16:25:27,0.99950000,410.02979,b,l
2025-03-28 16:25:27,0.99950000,410.11364,b,l
2025-03-28 16:25:27,0.99950000,410.19751,b,l
2025-03-28 16:25:27,0.99950000,410.28140,b,l
2025-03-28 16:25:27,0.99950000,410.36531,b,l
2025-03-28 16:25:27,0.99950000,410.44923,b,l
2025-03-28 16:25:27,0.99950000,410.53317,b,l
2025-03-28 16:25:27,0.99950000,410.61713,b,l
2025-03-28 16:25:27,0.99950000,78.13187,b,l
2025-03-28 16:25:32,0.99950000,520.98392,b,l
2025-03-28 16:25:32,0.99950000,520.59831,b,l
2025-03-28 16:25:32,0.99950000,520.65282,b,l
2025-03-28 16:25:32,0.99950000,520.70722,b,l
2025-03-28 16:25:32,0.99950000,520.76162,b,l
2025-03-28 16:25:32,0.99950000,520.81603,b,l
2025-03-28 16:25:32,0.99950000,520.87043,b,l
2025-03-28 16:25:32,0.99950000,520.92483,b,l
2025-03-28 16:25:32,0.99950000,520.97924,b,l
2025-03-28 16:25:32,0.99950000,311.78955,b,l
2025-03-28 16:25:37,0.99950000,0.91603,b,l
2025-03-28 16:25:37,0.99950000,520.15258,b,l
2025-03-28 16:25:37,0.99950000,521.12053,b,l
2025-03-28 16:25:37,0.99950000,521.17493,b,l
2025-03-28 16:25:37,0.99950000,521.22943,b,l
2025-03-28 16:25:37,0.99950000,521.28394,b,l
2025-03-28 16:25:37,0.99950000,521.33844,b,l
2025-03-28 16:25:37,0.99950000,521.39294,b,l
2025-03-28 16:25:37,0.99950000,521.44754,b,l
2025-03-28 16:25:37,0.99950000,521.50215,b,l
2025-03-28 16:25:37,0.99950000,307.44148,b,l
2025-03-28 16:25:41,0.99950000,0.91604,b,l
2025-03-28 16:25:41,0.99950000,520.67538,b,l
2025-03-28 16:25:41,0.99950000,521.64354,b,l
2025-03-28 16:25:41,0.99950000,521.69804,b,l
2025-03-28 16:25:41,0.99950000,521.75254,b,l
2025-03-28 16:25:41,0.99950000,521.80705,b,l
2025-03-28 16:25:41,0.99950000,521.86155,b,l
2025-03-28 16:25:41,0.99950000,521.91605,b,l
2025-03-28 16:25:41,0.99950000,521.97055,b,l
2025-03-28 16:25:41,0.99950000,522.02506,b,l
2025-03-28 16:25:41,0.99950000,302.73419,b,l
2025-03-28 16:25:46,0.99950000,0.91605,b,l
2025-03-28 16:25:46,0.99950000,521.19769,b,l
2025-03-28 16:25:46,0.99950000,522.16585,b,l
2025-03-28 16:25:46,0.99950000,522.22035,b,l
2025-03-28 16:25:46,0.99950000,522.27495,b,l
2025-03-28 16:25:46,0.99950000,522.32956,b,l
2025-03-28 16:25:46,0.99950000,522.38416,b,l
2025-03-28 16:25:46,0.99950000,522.43876,b,l
2025-03-28 16:25:46,0.99950000,522.49346,b,l
2025-03-28 16:25:46,0.99950000,522.54817,b,l
2025-03-28 16:25:46,0.99950000,298.94705,b,l
2025-03-28 16:25:51,0.99950000,522.61632,b,l
2025-03-28 16:25:51,0.99950000,521.77994,b,l
2025-03-28 16:25:51,0.99950000,521.83435,b,l
2025-03-28 16:25:51,0.99950000,521.88885,b,l
2025-03-28 16:25:51,0.99950000,521.94335,b,l
2025-03-28 16:25:51,0.99950000,521.99786,b,l
2025-03-28 16:25:51,0.99950000,522.05236,b,l
2025-03-28 16:25:51,0.99950000,522.10696,b,l
2025-03-28 16:25:51,0.99950000,522.16156,b,l
2025-03-28 16:25:51,0.99950000,301.61844,b,l
2025-03-28 16:25:56,0.99950000,522.27794,b,l
2025-03-28 16:25:56,0.99950000,522.30236,b,l
2025-03-28 16:25:56,0.99950000,522.35696,b,l
2025-03-28 16:25:56,0.99950000,522.41156,b,l
2025-03-28 16:25:56,0.99950000,522.46616,b,l
2025-03-28 16:25:56,0.99950000,522.52087,b,l
2025-03-28 16:25:56,0.99950000,522.57557,b,l
2025-03-28 16:25:56,0.99950000,522.63027,b,l
2025-03-28 16:25:56,0.99950000,522.68487,b,l
2025-03-28 16:25:56,0.99950000,296.77343,b,l
2025-03-28 16:26:04,0.99950000,522.77295,b,l
2025-03-28 16:26:04,0.99950000,522.82507,b,l
2025-03-28 16:26:04,0.99950000,522.87957,b,l
2025-03-28 16:26:04,0.99950000,522.93417,b,l
2025-03-28 16:26:04,0.99950000,522.98877,b,l
2025-03-28 16:26:04,0.99950000,523.04338,b,l
2025-03-28 16:26:04,0.99950000,523.09798,b,l
2025-03-28 16:26:04,0.99950000,523.15268,b,l
2025-03-28 16:26:04,0.99950000,523.20738,b,l
2025-03-28 16:26:04,0.99950000,292.09805,b,l
2025-03-28 16:26:09,0.99950000,523.32187,b,l
2025-03-28 16:26:09,0.99950000,523.34738,b,l
2025-03-28 16:26:09,0.99950000,523.40208,b,l
2025-03-28 16:26:09,0.99950000,523.45678,b,l
2025-03-28 16:26:09,0.99950000,523.51148,b,l
2025-03-28 16:26:09,0.99950000,523.56629,b,l
2025-03-28 16:26:10,0.99950000,523.62109,b,l
2025-03-28 16:26:10,0.99950000,523.67579,b,l
2025-03-28 16:26:10,0.99950000,523.73049,b,l
2025-03-28 16:26:10,0.99950000,288.36675,b,l
2025-03-28 16:26:14,0.99950000,523.84428,b,l
2025-03-28 16:26:14,0.99950000,523.87009,b,l
2025-03-28 16:26:14,0.99950000,523.92479,b,l
2025-03-28 16:26:14,0.99950000,523.97949,b,l
2025-03-28 16:26:14,0.99950000,524.03420,b,l
2025-03-28 16:26:15,0.99950000,524.08890,b,l
2025-03-28 16:26:15,0.99950000,524.14360,b,l
2025-03-28 16:26:15,0.99950000,524.19840,b,l
2025-03-28 16:26:15,0.99950000,524.25320,b,l
2025-03-28 16:26:15,0.99950000,283.66304,b,l
2025-03-28 16:26:19,0.99950000,524.36600,b,l
2025-03-28 16:26:19,0.99950000,524.39250,b,l
2025-03-28 16:26:19,0.99950000,524.44740,b,l
2025-03-28 16:26:19,0.99950000,524.50220,b,l
2025-03-28 16:26:19,0.99950000,524.55711,b,l
2025-03-28 16:26:19,0.99950000,524.61201,b,l
2025-03-28 16:26:19,0.99950000,524.66681,b,l
2025-03-28 16:26:19,0.99950000,524.72161,b,l
2025-03-28 16:26:19,0.99950000,524.77651,b,l
2025-03-28 16:26:19,0.99950000,277.95785,b,l
2025-03-28 16:26:24,0.99950000,524.88811,b,l
2025-03-28 16:26:24,0.99950000,524.91511,b,l
2025-03-28 16:26:24,0.99950000,524.96991,b,l
2025-03-28 16:26:24,0.99950000,525.02481,b,l
2025-03-28 16:26:24,0.99950000,525.07962,b,l
2025-03-28 16:26:24,0.99950000,525.13442,b,l
2025-03-28 16:26:24,0.99950000,525.18922,b,l
2025-03-28 16:26:24,0.99950000,525.24412,b,l
2025-03-28 16:26:24,0.99950000,525.29902,b,l
2025-03-28 16:26:24,0.99950000,274.25565,b,l
2025-03-28 16:26:28,0.99950000,525.41012,b,l
2025-03-28 16:26:28,0.99950000,525.43762,b,l
2025-03-28 16:26:28,0.99950000,525.49262,b,l
2025-03-28 16:26:28,0.99950000,525.54763,b,l
2025-03-28 16:26:28,0.99950000,525.60263,b,l
2025-03-28 16:26:28,0.99950000,525.65763,b,l
2025-03-28 16:26:28,0.99950000,525.71253,b,l
2025-03-28 16:26:28,0.99950000,525.76743,b,l
2025-03-28 16:26:28,0.99950000,525.82233,b,l
2025-03-28 16:26:28,0.99950000,268.54946,b,l
2025-03-28 16:26:33,0.99950000,525.93214,b,l
2025-03-28 16:26:33,0.99950000,525.96013,b,l
2025-03-28 16:26:33,0.99950000,526.01514,b,l
2025-03-28 16:26:33,0.99950000,526.07014,b,l
2025-03-28 16:26:33,0.99950000,526.12514,b,l
2025-03-28 16:26:33,0.99950000,526.18014,b,l
2025-03-28 16:26:33,0.99950000,526.23524,b,l
2025-03-28 16:26:33,0.99950000,526.29024,b,l
2025-03-28 16:26:33,0.99950000,526.34524,b,l
2025-03-28 16:26:33,0.99950000,264.84644,b,l
2025-03-28 16:26:38,0.99950000,526.43004,b,l
2025-03-28 16:26:38,0.99950000,526.48304,b,l
2025-03-28 16:26:38,0.99950000,526.53815,b,l
2025-03-28 16:26:38,0.99950000,526.59325,b,l
2025-03-28 16:26:38,0.99950000,526.64835,b,l
2025-03-28 16:26:38,0.99950000,526.70345,b,l
2025-03-28 16:26:38,0.99950000,526.75855,b,l
2025-03-28 16:26:38,0.99950000,526.81355,b,l
2025-03-28 16:26:38,0.99950000,526.86855,b,l
2025-03-28 16:26:38,0.99950000,259.16307,b,l
2025-03-28 16:26:42,0.99950000,526.97656,b,l
2025-03-28 16:26:42,0.99950000,527.00566,b,l
2025-03-28 16:26:42,0.99950000,527.06066,b,l
2025-03-28 16:26:42,0.99950000,527.11576,b,l
2025-03-28 16:26:42,0.99950000,527.17086,b,l
2025-03-28 16:26:42,0.99950000,527.22596,b,l
2025-03-28 16:26:42,0.99950000,527.28116,b,l
2025-03-28 16:26:42,0.99950000,527.33636,b,l
2025-03-28 16:26:42,0.99950000,527.39146,b,l
2025-03-28 16:26:42,0.99950000,255.43556,b,l
2025-03-28 16:26:47,0.99950000,527.49897,b,l
2025-03-28 16:26:47,0.99950000,527.52866,b,l
2025-03-28 16:26:47,0.99950000,527.58387,b,l
2025-03-28 16:26:47,0.99950000,527.63907,b,l
2025-03-28 16:26:47,0.99950000,527.69417,b,l
2025-03-28 16:26:47,0.99950000,527.74937,b,l
2025-03-28 16:26:47,0.99950000,527.80457,b,l
2025-03-28 16:26:47,0.99950000,527.85967,b,l
2025-03-28 16:26:47,0.99950000,527.91487,b,l
2025-03-28 16:26:47,0.99950000,250.72677,b,l
2025-03-28 16:26:52,0.99950000,528.02118,b,l
2025-03-28 16:26:52,0.99950000,528.05118,b,l
2025-03-28 16:26:52,0.99950000,528.10628,b,l
2025-03-28 16:26:52,0.99950000,528.16148,b,l
2025-03-28 16:26:52,0.99950000,528.21668,b,l
2025-03-28 16:26:52,0.99950000,528.27188,b,l
2025-03-28 16:26:52,0.99950000,528.32718,b,l
2025-03-28 16:26:52,0.99950000,528.38248,b,l
2025-03-28 16:26:52,0.99950000,528.43778,b,l
2025-03-28 16:26:52,0.99950000,245.02387,b,l
2025-03-28 16:26:56,0.99950000,528.54310,b,l
2025-03-28 16:26:56,0.99950000,528.57389,b,l
2025-03-28 16:26:56,0.99950000,528.62919,b,l
2025-03-28 16:26:56,0.99950000,528.68439,b,l
2025-03-28 16:26:56,0.99950000,528.73969,b,l
2025-03-28 16:26:56,0.99950000,528.79499,b,l
2025-03-28 16:26:56,0.99950000,528.85019,b,l
2025-03-28 16:26:56,0.99950000,528.90539,b,l
2025-03-28 16:26:56,0.99950000,528.96069,b,l
2025-03-28 16:26:56,0.99950000,240.31847,b,l
2025-03-28 16:27:01,0.99950000,529.06521,b,l
2025-03-28 16:27:01,0.99950000,529.09640,b,l
2025-03-28 16:27:01,0.99950000,529.15160,b,l
2025-03-28 16:27:01,0.99950000,529.20690,b,l
2025-03-28 16:27:01,0.99950000,529.26220,b,l
2025-03-28 16:27:01,0.99950000,529.31750,b,l
2025-03-28 16:27:01,0.99950000,529.37290,b,l
2025-03-28 16:27:01,0.99950000,529.42830,b,l
2025-03-28 16:27:01,0.99950000,529.48370,b,l
2025-03-28 16:27:01,0.99950000,235.61528,b,l
2025-03-28 16:27:05,0.99950000,529.62798,b,l
2025-03-28 16:27:05,0.99950000,529.65956,b,l
2025-03-28 16:27:05,0.99950000,529.71496,b,l
2025-03-28 16:27:05,0.99950000,529.77036,b,l
2025-03-28 16:27:05,0.99950000,529.82566,b,l
2025-03-28 16:27:05,0.99950000,529.88106,b,l
2025-03-28 16:27:05,0.99950000,529.93636,b,l
2025-03-28 16:27:05,0.99950000,529.99166,b,l
2025-03-28 16:27:05,0.99950000,530.04696,b,l
2025-03-28 16:27:05,0.99950000,230.54544,b,l
2025-03-28 16:27:10,0.99950000,530.14949,b,l
2025-03-28 16:27:10,0.99950000,530.18187,b,l
2025-03-28 16:27:10,0.99950000,530.23727,b,l
2025-03-28 16:27:10,0.99950000,530.29267,b,l
2025-03-28 16:27:10,0.99950000,530.34817,b,l
2025-03-28 16:27:10,0.99950000,530.40367,b,l
2025-03-28 16:27:10,0.99950000,530.45917,b,l
2025-03-28 16:27:10,0.99950000,530.51467,b,l
2025-03-28 16:27:10,0.99950000,530.57017,b,l
2025-03-28 16:27:10,0.99950000,226.84284,b,l
2025-03-28 16:27:15,0.99950000,530.67210,b,l
2025-03-28 16:27:15,0.99950000,530.70478,b,l
2025-03-28 16:27:15,0.99950000,530.76028,b,l
2025-03-28 16:27:15,0.99950000,530.81578,b,l
2025-03-28 16:27:15,0.99950000,530.87118,b,l
2025-03-28 16:27:15,0.99950000,530.92668,b,l
2025-03-28 16:27:15,0.99950000,530.98218,b,l
2025-03-28 16:27:15,0.99950000,531.03768,b,l
2025-03-28 16:27:15,0.99950000,531.09308,b,l
2025-03-28 16:27:15,0.99950000,221.13625,b,l
2025-03-28 16:27:19,0.99950000,4998.95001,b,l
2025-03-28 16:27:19,0.99950000,0.04999,b,l
2025-03-28 21:13:21,0.99800000,990.98469,s,l
2025-03-30 08:57:06,0.99950000,3514.73922,b,l
2025-03-30 08:57:06,0.99950000,1485.26078,b,l
2025-03-30 08:57:11,0.99950000,3514.73922,b,l
2025-03-30 08:57:17,0.99950000,1485.26078,b,l
2025-03-30 08:57:17,0.99950000,2029.47844,b,l
2025-03-30 08:57:17,0.99950000,1484.52156,b,l
2025-03-30 08:57:22,0.99950000,3514.73922,b,l
2025-03-30 08:57:22,0.99950000,1485.26078,b,l
2025-03-30 08:57:27,0.99950000,3514.73922,b,l
2025-03-30 08:57:32,0.99950000,1485.26078,b,l
2025-03-30 08:57:32,0.99950000,3514.00000,b,l
2025-03-30 08:57:37,0.99950000,3514.73922,b,l
2025-03-30 08:57:42,0.99950000,1485.26078,b,l
2025-03-30 08:57:42,0.99950000,2029.47844,b,l
2025-03-30 08:57:42,0.99950000,1484.52156,b,l
2025-03-30 08:57:47,0.99950000,3514.73922,b,l
2025-03-30 08:57:52,0.99950000,1485.26078,b,l
2025-03-30 08:57:52,0.99950000,886.49006,b,l
2025-03-30 09:02:37,0.99950000,2627.50994,b,l
2025-03-30 09:02:37,0.99950000,887.22928,b,l
2025-03-30 09:02:38,0.99950000,1484.77072,b,l
2025-03-30 09:02:38,0.99950000,2029.96850,b,l
2025-03-30 09:02:38,0.99950000,1485.03150,b,l
2025-03-30 09:02:43,0.99950000,3514.73922,b,l
2025-03-30 09:02:48,0.99950000,1485.26078,b,l
2025-03-30 09:02:48,0.99950000,3514.00000,b,l
2025-03-30 09:02:53,0.99950000,3514.73922,b,l
2025-03-30 19:03:55,0.99950000,1485.26078,b,l
2025-03-30 19:03:55,0.99950000,2029.47844,b,l
2025-03-30 19:03:55,0.99950000,1484.52156,b,l
2025-03-30 19:03:59,0.99950000,3514.73922,b,l
2025-03-30 19:04:04,0.99950000,1485.26078,b,l
2025-03-30 19:04:04,0.99950000,2029.47844,b,l
2025-03-30 19:04:04,0.99950000,1484.52156,b,l
2025-03-30 19:04:09,0.99950000,3514.73922,b,l
2025-03-30 19:04:14,0.99950000,1485.26078,b,l
2025-03-30 19:04:14,0.99950000,2029.47844,b,l
2025-03-30 19:04:14,0.99950000,1484.52156,b,l
2025-03-30 19:04:19,0.99950000,3514.73922,b,l
2025-03-30 19:04:19,0.99950000,1485.00000,b,l
2025-03-30 19:04:24,0.99950000,0.26078,b,l
2025-03-30 19:04:24,0.99950000,3514.47844,b,l
2025-03-30 19:04:29,0.99950000,1484.52156,b,l
2025-03-30 19:04:29,0.99950000,2030.21766,b,l
2025-03-30 19:04:35,0.99950000,1484.78234,b,l
2025-03-30 19:04:35,0.99950000,2029.95688,b,l
2025-03-30 19:04:35,0.99950000,1484.78234,b,l
2025-03-30 19:04:40,0.99950000,0.26078,b,l
2025-03-30 19:04:40,0.99950000,3514.47844,b,l
2025-03-30 19:04:41,0.99950000,1484.52156,b,l
2025-03-30 19:04:45,0.99950000,3514.73922,b,l
2025-03-30 19:04:49,0.99950000,1485.00000,b,l
2025-03-30 21:10:19,0.99950000,0.26078,b,l
2025-03-30 21:10:19,0.99950000,3514.00000,b,l
2025-03-30 21:10:19,0.99950000,0.47844,b,l
2025-03-30 21:10:19,0.99950000,1484.52156,b,l
2025-03-30 21:10:23,0.99950000,3514.73922,b,l
2025-03-30 21:10:23,0.99950000,1485.00000,b,l
2025-03-30 21:11:53,0.99950000,0.26078,b,l
2025-03-30 21:11:53,0.99950000,3514.47844,b,l
2025-03-30 21:11:54,0.99950000,1484.52156,b,l
2025-03-30 21:11:54,0.99950000,0.73922,b,l
2025-03-30 21:11:54,0.99950000,2029.00000,b,l
2025-03-30 21:11:59,0.99950000,1485.26078,b,l
2025-03-30 21:11:59,0.99950000,2029.47844,b,l
2025-03-30 21:12:04,0.99950000,1484.52156,b,l
2025-03-30 21:12:04,0.99950000,3514.73922,b,l
2025-03-30 21:12:09,0.99950000,0.26078,b,l
2025-03-30 21:12:09,0.99950000,3514.47844,b,l
2025-03-30 21:12:14,0.99950000,1484.52156,b,l
2025-03-30 21:12:14,0.99950000,2030.21766,b,l
2025-03-30 21:12:15,0.99950000,1484.52156,b,l
2025-03-30 21:12:19,0.99950000,0.26078,b,l
2025-03-30 21:12:19,0.99950000,3514.47844,b,l
2025-03-30 21:12:19,0.99950000,1484.52156,b,l
2025-03-30 21:12:25,0.99950000,3514.73922,b,l
2025-03-30 21:12:25,0.99950000,1485.00000,b,l
2025-03-30 21:12:30,0.99950000,0.26078,b,l
2025-03-30 21:12:30,0.99950000,3514.47844,b,l
2025-03-30 21:12:30,0.99950000,1484.52156,b,l
2025-03-30 21:13:09,0.99950000,3514.73922,b,l
2025-03-30 21:13:15,0.99950000,1485.26078,b,l
2025-03-30 21:13:15,0.99950000,2029.47844,b,l
2025-03-30 21:13:20,0.99950000,1484.52156,b,l
2025-03-30 21:13:20,0.99950000,2030.21766,b,l
2025-03-30 21:13:25,0.99950000,1484.78234,b,l
2025-03-30 21:13:25,0.99950000,2029.95688,b,l
2025-03-30 21:13:25,0.99950000,1485.04312,b,l
2025-03-30 21:13:30,0.99950000,3514.73922,b,l
2025-03-30 21:13:35,0.99950000,1485.26078,b,l
2025-03-30 21:13:35,0.99950000,2029.47844,b,l
2025-03-30 21:13:40,0.99950000,1484.52156,b,l
2025-03-30 21:13:40,0.99950000,2030.21766,b,l
2025-03-30 21:13:40,0.99950000,1484.78234,b,l
2025-03-30 21:13:46,0.99950000,3514.73922,b,l
2025-03-30 21:13:46,0.99950000,1485.26078,b,l
2025-03-30 21:13:50,0.99950000,3514.73922,b,l
2025-03-30 21:13:50,0.99950000,1485.26078,b,l
2025-03-30 21:13:55,0.99950000,3514.73922,b,l
2025-03-30 21:13:55,0.99950000,1485.26078,b,l
2025-03-30 21:14:01,0.99950000,3514.73922,b,l
2025-03-30 21:14:05,0.99950000,1485.26078,b,l
2025-03-30 21:14:06,0.99950000,3514.00000,b,l
2025-03-30 21:14:40,0.99950000,3514.73922,b,l
2025-03-30 21:14:41,0.99950000,1485.26078,b,l
2025-03-30 21:14:41,0.99950000,2029.47844,b,l
2025-03-30 21:14:41,0.99950000,1484.52156,b,l
2025-03-30 21:14:46,0.99950000,3514.73922,b,l
2025-03-30 21:14:46,0.99950000,1485.26078,b,l
2025-03-30 21:14:51,0.99950000,3514.73922,b,l
2025-03-30 21:14:54,0.99950000,1485.26078,b,l
2025-03-30 21:14:56,0.99950000,3514.73922,b,l
2025-03-30 21:15:01,0.99950000,1485.26078,b,l
2025-03-30 21:15:01,0.99950000,3514.00000,b,l
2025-03-30 21:15:06,0.99950000,3514.73922,b,l
2025-03-30 21:15:08,0.99950000,1485.26078,b,l
2025-03-30 21:15:12,0.99950000,3514.73922,b,l
2025-03-30 21:15:17,0.99950000,1485.26078,b,l
2025-03-30 21:15:17,0.99950000,2029.47844,b,l
2025-03-30 21:15:17,0.99950000,1484.52156,b,l
2025-03-30 21:15:22,0.99950000,3514.73922,b,l
2025-03-30 21:15:22,0.99950000,1485.26078,b,l
2025-03-30 21:15:27,0.99950000,3514.73922,b,l
2025-03-30 21:15:27,0.99950000,1485.26078,b,l
2025-03-30 21:15:32,0.99950000,3514.73922,b,l
2025-03-30 21:15:37,0.99950000,1485.26078,b,l
2025-03-30 21:15:37,0.99950000,2029.47844,b,l
2025-03-30 21:15:42,0.99950000,1484.52156,b,l
2025-03-30 21:15:42,0.99950000,2030.21766,b,l
2025-03-30 21:15:47,0.99950000,1484.78234,b,l
2025-03-30 21:15:47,0.99950000,2029.95688,b,l
2025-03-30 21:15:47,0.99950000,1485.04312,b,l
2025-03-30 21:15:52,0.99950000,3514.73922,b,l
2025-03-30 21:16:29,0.99950000,1485.26078,b,l
2025-03-30 21:16:29,0.99950000,0.73922,b,l
2025-03-30 21:16:29,0.99950000,2027.26078,b,l
2025-03-30 21:16:32,0.99950000,1486.00000,b,l
2025-03-30 21:16:32,0.99950000,2027.73922,b,l
2025-03-30 21:16:37,0.99950000,1486.26078,b,l
2025-03-30 21:16:37,0.99950000,3513.00000,b,l
2025-03-31 15:11:43,0.99950000,10.00676,b,l
2025-04-01 10:09:45,0.99950000,3514.73922,b,l
2025-04-01 12:52:51,0.99950000,981.10975,b,l
2025-04-01 12:53:48,0.99950000,516.93216,b,l
2025-04-01 12:53:53,0.99950000,547.52536,b,l
2025-04-01 12:53:58,0.99950000,516.73726,b,l
2025-04-01 12:54:03,0.99950000,81.62311,b,l
2025-04-01 12:54:08,0.99950000,516.85562,b,l
2025-04-01 12:54:13,0.99950000,981.21550,b,l
2025-04-01 12:54:18,0.99950000,809.64512,b,l
2025-04-01 12:54:24,0.99950000,48.35612,b,l
2025-04-01 12:54:24,0.99950000,468.52011,b,l
2025-04-01 12:54:29,0.99950000,512.47989,b,l
2025-04-01 12:54:29,0.99950000,13.68099,b,l
2025-04-01 12:54:34,0.99950000,503.31901,b,l
2025-04-01 12:54:34,0.99950000,138.13151,b,l
2025-04-01 12:54:39,0.99950000,408.86849,b,l
2025-04-01 12:54:39,0.99950000,517.00000,b,l
2025-04-01 12:54:39,0.99950000,55.34701,b,l
2025-04-01 12:54:44,0.99950000,25.65299,b,l
2025-04-01 12:54:44,0.99950000,308.43095,b,l
2025-04-01 12:54:49,0.99950000,208.56905,b,l
2025-04-01 12:54:49,0.99950000,134.73230,b,l
2025-04-01 12:54:55,0.99950000,272.40390,b,l
2025-04-01 12:55:00,0.99950000,573.86380,b,l
2025-04-01 12:55:00,0.99950000,407.35170,b,l
2025-04-01 12:55:05,0.99950000,402.64830,b,l
2025-04-01 12:55:05,0.99950000,517.00000,b,l
2025-04-01 12:55:05,0.99950000,61.56720,b,l
2025-04-01 12:55:31,0.99950000,464.43280,b,l
2025-04-01 12:55:31,0.99950000,252.56199,b,l
2025-04-01 12:55:41,0.99950000,325.46323,b,l
2025-04-01 12:56:12,0.99950000,63.97478,b,l
2025-04-01 12:56:12,0.99950000,573.92837,b,l
2025-04-01 12:56:17,0.99950000,407.07163,b,l
2025-04-01 12:56:17,0.99950000,109.89975,b,l
2025-04-01 12:56:27,0.99950000,224.10025,b,l
2025-04-01 12:56:27,0.99950000,292.97248,b,l
2025-04-01 13:11:24,0.99950000,50.02752,b,l
2025-04-01 13:11:24,0.99950000,273.00000,b,l
2025-04-01 13:11:24,0.99950000,981.00000,b,l
2025-04-01 13:11:24,0.99950000,981.00000,b,l
2025-04-01 13:11:24,0.99950000,717.00000,b,l
2025-04-01 13:11:24,0.99950000,326.00000,b,l
2025-04-01 13:11:24,0.99950000,186.71170,b,l
2025-04-01 13:11:24,0.99950000,450.28830,b,l
2025-04-01 13:11:24,0.99950000,517.00000,b,l
2025-04-01 13:11:24,0.99950000,517.00000,b,l
2025-04-01 13:12:06,0.99950000,586.16529,b,l
2025-04-01 13:12:06,0.99950000,2928.57393,b,l
2025-04-01 13:12:06,0.99950000,586.16529,b,l
2025-04-01 13:12:27,0.99950000,586.11257,b,l
2025-04-01 13:15:26,0.99950000,312.98292,b,l
2025-04-01 13:15:26,0.99950000,0.01708,b,l
2025-04-01 13:15:26,0.99950000,2470.35303,b,l
2025-04-01 13:18:48,0.99950000,587.30858,b,l
2025-04-01 13:18:51,0.99950000,587.30700,b,l
2025-04-01 13:19:03,0.99950000,455.01431,b,l
2025-04-01 13:19:03,0.99950000,346.85071,b,l
2025-04-01 13:19:04,0.99950000,200.99953,b,l
2025-04-01 13:19:04,0.99950000,39.14976,b,l
2025-04-01 13:19:04,0.99950000,548.20512,b,l
2025-04-01 13:19:18,0.99950000,587.38774,b,l
2025-04-01 13:19:19,0.99950000,587.38774,b,l
2025-04-01 13:19:19,0.99950000,587.38774,b,l
2025-04-01 13:19:20,0.99950000,472.63166,b,l
2025-04-01 13:19:20,0.99950000,114.75608,b,l
2025-04-01 13:19:20,0.99950000,472.24392,b,l
2025-04-01 13:19:20,0.99950000,115.14382,b,l
2025-04-01 13:19:21,0.99950000,471.85618,b,l
2025-04-01 13:19:21,0.99950000,115.53156,b,l
2025-04-01 13:19:21,0.99950000,587.38774,b,l
2025-04-01 13:19:21,0.99950000,587.38774,b,l
2025-04-01 13:19:21,0.99950000,99.96538,b,l
2025-04-01 13:19:22,0.99950000,200.72758,b,l
2025-04-01 13:19:22,0.99950000,386.66202,b,l
2025-04-01 13:19:22,0.99950000,587.38960,b,l
2025-04-01 13:19:23,0.99950000,199.94838,b,l
2025-04-01 13:19:25,0.99950000,83.63415,b,l
2025-04-01 13:19:55,0.99950000,587.37642,b,l
2025-04-01 13:19:55,0.99950000,41.81744,b,l
2025-04-01 13:19:55,0.99950000,587.37642,b,l
2025-04-01 13:19:55,0.99950000,587.37642,b,l
2025-04-01 13:19:56,0.99950000,587.37642,b,l
2025-04-01 13:19:56,0.99950000,587.37642,b,l
2025-04-01 13:19:57,0.99950000,587.37642,b,l
2025-04-01 13:19:57,0.99950000,587.37642,b,l
2025-04-01 13:19:57,0.99950000,20.90867,b,l
2025-04-01 13:20:06,0.99950000,742.00480,b,l
2025-04-01 13:20:06,0.99950000,83.00000,b,l
2025-04-01 13:20:06,0.99950000,2689.73442,b,l
2025-04-01 13:20:08,0.99950000,1464.26558,b,l
2025-04-01 13:20:08,0.99950000,20.00000,b,l
2025-04-01 13:20:08,0.99950000,2030.47364,b,l
2025-04-01 13:20:13,0.99950000,1484.52636,b,l
2025-04-01 13:20:13,0.99950000,2030.21286,b,l
2025-04-01 13:22:11,0.99950000,1484.78714,b,l
2025-04-01 13:22:11,0.99950000,2029.95208,b,l
2025-04-01 13:22:11,0.99950000,1484.93002,b,l
2025-04-01 13:24:38,0.99950000,0.11790,b,l
2025-04-01 13:24:38,0.99950000,3514.62132,b,l
2025-04-01 13:24:40,0.99950000,1484.37868,b,l
2025-04-01 13:24:40,0.99950000,1308.78133,b,l
2025-04-01 13:24:46,0.99950000,81.38506,b,l
2025-04-01 13:24:46,0.99950000,588.94656,b,l
2025-04-01 13:24:46,0.99950000,81.38506,b,l
2025-04-01 13:27:35,0.99950000,639.25142,b,l
2025-04-01 13:27:35,0.99950000,815.25057,b,l
2025-04-01 13:27:35,0.99950000,2060.23723,b,l
2025-04-01 13:27:37,0.99950000,732.76277,b,l
2025-04-01 13:27:37,0.99950000,36.49801,b,l
2025-04-01 13:27:42,0.99950000,592.40853,b,l
2025-04-01 13:27:43,0.99950000,123.09346,b,l
2025-04-01 13:27:43,0.99950000,469.31507,b,l
2025-04-01 13:27:43,0.99950000,592.40853,b,l
2025-04-01 13:27:44,0.99950000,592.40853,b,l
2025-04-01 13:27:44,0.99950000,592.40853,b,l
2025-04-01 13:27:44,0.99950000,592.40853,b,l
2025-04-01 13:27:45,0.99950000,592.40853,b,l
2025-04-01 13:27:45,0.99950000,83.64228,b,l
2025-04-01 13:27:45,0.99950000,176.47357,b,l
2025-04-01 13:27:45,0.99950000,332.29268,b,l
2025-04-01 13:27:45,0.99950000,260.11585,b,l
2025-04-01 13:27:46,0.99950000,0.11790,b,l
2025-04-01 13:27:46,0.99950000,592.29063,b,l
2025-04-01 13:27:46,0.99950000,592.40853,b,l
2025-04-01 13:27:47,0.99950000,592.40853,b,l
2025-04-01 13:27:47,0.99950000,592.40853,b,l
2025-04-01 13:27:47,0.99950000,592.40853,b,l
2025-04-01 13:27:48,0.99950000,592.40853,b,l
2025-04-01 13:27:51,0.99950000,592.40853,b,l
2025-04-01 13:27:51,0.99950000,0.25819,b,l
2025-04-01 13:27:51,0.99950000,592.16351,b,l
2025-04-01 13:27:51,0.99950000,592.42170,b,l
2025-04-01 13:27:51,0.99950000,592.42170,b,l
2025-04-01 13:27:52,0.99950000,20.34619,b,l
2025-04-01 13:27:52,0.99950000,592.42170,b,l
2025-04-01 13:27:52,0.99950000,592.42170,b,l
2025-04-01 13:27:53,0.99950000,592.42170,b,l
2025-04-01 13:27:53,0.99950000,832.26390,b,l
2025-04-01 13:27:55,0.99950000,0.11790,b,l
2025-04-01 13:27:55,0.99950000,3514.62132,b,l
2025-04-01 13:27:55,0.99950000,1484.37868,b,l
2025-04-01 13:28:00,0.99950000,10.17309,b,l
2025-04-01 13:28:03,0.99950000,10.17309,b,l
2025-04-01 13:28:04,0.99950000,592.46382,b,l
2025-04-01 13:28:05,0.99950000,592.46382,b,l
2025-04-01 13:28:05,0.99950000,38.62011,b,l
2025-04-01 13:28:05,0.99950000,266.18849,b,l
2025-04-01 13:28:05,0.99950000,290.22115,b,l
2025-04-01 13:28:05,0.99950000,2953.39004,b,l
2025-04-01 13:28:05,0.99950000,246.30639,b,l
2025-04-01 13:28:05,0.99950000,19.88210,b,l
2025-04-01 13:28:09,0.99950000,0.11790,b,l
2025-04-01 13:28:09,0.99950000,1724.12225,b,l
2025-04-01 13:28:10,0.99950000,592.54573,b,l
2025-04-01 13:28:10,0.99950000,592.54573,b,l
2025-04-01 13:28:11,0.99950000,592.54573,b,l
2025-04-01 13:28:11,0.99950000,592.54573,b,l
2025-04-01 13:28:11,0.99950000,592.54573,b,l
2025-04-01 13:28:14,0.99950000,312.14910,b,l
2025-04-01 13:28:14,0.99950000,2059.00626,b,l
2025-04-01 13:28:14,0.99950000,361.77346,b,l
2025-04-01 13:28:14,0.99950000,592.51669,b,l
2025-04-01 13:28:14,0.99950000,592.51113,b,l
2025-04-01 13:28:15,0.99950000,488.56343,b,l
2025-04-01 13:28:15,0.99950000,103.94786,b,l
2025-04-01 13:28:15,0.99950000,384.61541,b,l
2025-04-01 13:28:15,0.99950000,103.94786,b,l
2025-04-01 13:28:18,0.99950000,0.11790,b,l
2025-04-01 13:28:18,0.99950000,2652.24897,b,l
2025-04-01 13:28:23,0.99950000,592.45055,b,l
2025-04-01 13:28:23,0.99950000,592.45055,b,l
2025-04-01 13:28:24,0.99950000,592.45055,b,l
2025-04-01 13:28:24,0.99950000,569.39938,b,l
2025-04-01 13:28:24,0.99950000,23.05117,b,l
2025-04-01 13:28:25,0.99950000,592.45055,b,l
2025-04-01 13:28:25,0.99950000,304.92176,b,l
2025-04-01 13:28:25,0.99950000,1732.45862,b,l
2025-04-01 13:28:28,0.99950000,0.11790,b,l
2025-04-01 13:28:28,0.99950000,1508.48339,b,l
2025-04-01 13:28:32,0.99950000,3490.51661,b,l
2025-04-01 13:35:59,0.99950000,1509.00000,b,l
2025-04-01 13:35:59,0.99950000,2005.73922,b,l
2025-04-01 13:36:03,0.99950000,1485.26078,b,l
2025-04-01 13:36:03,0.99950000,2029.47844,b,l
2025-04-01 13:36:08,0.99950000,1484.52156,b,l
2025-04-01 13:36:08,0.99950000,950.20376,b,l
2025-04-01 13:36:08,0.99950000,129.95302,b,l
2025-04-01 13:36:08,0.99950000,603.79768,b,l
2025-04-01 13:36:08,0.99950000,129.95519,b,l
2025-04-01 13:36:08,0.99950000,603.79768,b,l
2025-04-01 13:36:08,0.99950000,493.37709,b,l
2025-04-01 13:36:08,0.99950000,493.37709,b,l
2025-04-01 13:36:08,0.99950000,110.42059,b,l
2025-04-01 13:36:12,0.99950000,0.11790,b,l
2025-04-01 13:36:12,0.99950000,603.67978,b,l
2025-04-01 13:36:12,0.99950000,603.79768,b,l
2025-04-01 13:36:20,0.99950000,3514.73922,b,l
2025-04-01 13:36:22,0.99950000,276.78332,b,l
2025-04-01 13:36:22,0.99950000,1208.00000,b,l
2025-04-01 13:36:22,0.99950000,2307.76420,b,l
2025-04-01 13:36:22,0.99950000,1207.11790,b,l
2025-04-01 13:36:40,0.99950000,0.11790,b,l
2025-04-01 13:36:40,0.99950000,3514.62132,b,l
2025-04-01 13:36:45,0.99950000,603.77309,b,l
2025-04-01 13:36:45,0.99950000,603.77309,b,l
2025-04-01 13:36:46,0.99950000,276.83250,b,l
2025-04-01 13:36:46,0.99950000,326.94059,b,l
2025-04-01 13:36:46,0.99950000,603.77309,b,l
2025-04-01 13:36:47,0.99950000,603.77309,b,l
2025-04-01 13:36:47,0.99950000,603.77309,b,l
2025-04-01 13:36:47,0.99950000,603.77309,b,l
2025-04-01 13:36:48,0.99950000,169.07606,b,l
2025-04-01 13:36:48,0.99950000,434.69712,b,l
2025-04-01 13:36:48,0.99950000,169.07597,b,l
2025-04-01 13:36:49,0.99950000,0.11790,b,l
2025-04-01 13:36:49,0.99950000,649.67615,b,l
2025-04-01 13:36:50,0.99950000,603.77309,b,l
2025-04-01 13:36:50,0.99950000,603.77309,b,l
2025-04-01 13:36:50,0.99950000,603.77309,b,l
2025-04-01 13:36:51,0.99950000,125.99758,b,l
2025-04-01 13:36:51,0.99950000,1808.23391,b,l
2025-04-01 13:36:51,0.99950000,603.77309,b,l
2025-04-01 13:36:54,0.99950000,729.76826,b,l
2025-04-01 13:36:54,0.99950000,603.77309,b,l
2025-04-01 13:36:55,0.99950000,603.77309,b,l
2025-04-01 13:36:55,0.99950000,603.77309,b,l
2025-04-01 13:36:55,0.99950000,603.77309,b,l
2025-04-01 13:36:56,0.99950000,603.77309,b,l
2025-04-01 13:36:56,0.99950000,603.77309,b,l
2025-04-01 13:36:57,0.99950000,43.70221,b,l
2025-04-01 13:36:57,0.99950000,516.36892,b,l
2025-04-01 13:36:57,0.99950000,87.40417,b,l
2025-04-01 13:36:59,0.99950000,0.11790,b,l
2025-04-01 13:36:59,0.99950000,603.62152,b,l
2025-04-01 13:36:59,0.99950000,603.73942,b,l
2025-04-01 13:36:59,0.99950000,603.73942,b,l
2025-04-01 13:36:59,0.99950000,549.11688,b,l
2025-04-01 13:37:00,0.99950000,539.01076,b,l
2025-04-01 13:37:00,0.99950000,529.25844,b,l
2025-04-01 13:37:01,0.99950000,519.86168,b,l
2025-04-01 13:37:01,0.99950000,510.70593,b,l
2025-04-01 13:37:02,0.99950000,501.82745,b,l
2025-04-01 13:37:02,0.99950000,38.11850,b,l
2025-04-01 13:37:03,0.99950000,455.09675,b,l
2025-04-01 13:37:03,0.99950000,492.57189,b,l
2025-04-01 13:37:04,0.99950000,476.72912,b,l
2025-04-01 13:37:04,0.99950000,469.15231,b,l
2025-04-01 13:37:05,0.99950000,461.71187,b,l
2025-04-01 13:37:05,0.99950000,454.45510,b,l
2025-04-01 13:37:06,0.99950000,447.35333,b,l
2025-04-01 13:37:06,0.99950000,440.31762,b,l
2025-04-01 13:37:06,0.99950000,433.50333,b,l
2025-04-01 13:37:07,0.99950000,426.87272,b,l
2025-04-01 13:37:07,0.99950000,15.24534,b,l
2025-04-01 13:37:07,0.99950000,405.38358,b,l
2025-04-01 13:37:08,0.99950000,21.48914,b,l
2025-04-01 13:37:08,0.99950000,0.11790,b,l
2025-04-01 13:37:08,0.99950000,392.72811,b,l
2025-04-01 13:37:08,0.99950000,414.33506,b,l
2025-04-01 13:37:09,0.99950000,402.25955,b,l
2025-04-01 13:37:09,0.99950000,396.34879,b,l
2025-04-01 13:37:10,0.99950000,390.74220,b,l
2025-04-01 13:37:10,0.99950000,390.74220,b,l
2025-04-01 13:37:10,0.99950000,380.96901,b,l
2025-04-01 13:37:11,0.99950000,375.73664,b,l
2025-04-01 13:37:11,0.99950000,370.68589,b,l
2025-04-01 13:37:12,0.99950000,365.98200,b,l
2025-04-01 13:37:12,0.99950000,361.09601,b,l
2025-04-01 13:37:13,0.99950000,315.25664,b,l
2025-04-01 13:37:13,0.99950000,0.11790,b,l
2025-04-01 13:37:13,0.99950000,356.29434,b,l
2025-04-01 13:37:13,0.99950000,348.16150,b,l
2025-04-01 13:37:13,0.99950000,343.83367,b,l
2025-04-01 13:37:14,0.99950000,339.75556,b,l
2025-04-01 13:37:14,0.99950000,336.27356,b,l
2025-04-01 13:37:15,0.99950000,324.23840,b,l
2025-04-01 13:37:15,0.99950000,320.42912,b,l
2025-04-01 13:37:16,0.99950000,316.53116,b,l
2025-04-01 13:37:16,0.99950000,312.90352,b,l
2025-04-01 13:37:16,0.99950000,310.36743,b,l
2025-04-01 13:37:17,0.99950000,307.26827,b,l
2025-04-01 13:37:17,0.99950000,706.94347,b,l
2025-04-01 13:37:17,0.99950000,2967.93863,b,l
2025-04-01 13:37:17,0.99950000,706.94347,b,l
2025-04-01 13:37:22,0.99950000,0.11790,b,l
2025-04-01 13:37:22,0.99950000,376.36261,b,l
2025-04-01 13:37:23,0.99950000,376.48051,b,l
2025-04-01 13:37:23,0.99950000,372.83070,b,l
2025-04-01 13:37:23,0.99950000,362.88116,b,l
2025-04-01 13:37:24,0.99950000,357.99666,b,l
2025-04-01 13:37:24,0.99950000,357.99666,b,l
2025-04-01 13:37:24,0.99950000,349.08896,b,l
2025-04-01 13:37:25,0.99950000,344.85565,b,l
2025-04-01 13:37:25,0.99950000,340.35602,b,l
2025-04-01 13:37:26,0.99950000,336.02903,b,l
2025-04-01 13:37:26,0.99950000,418.05046,b,l
2025-04-01 13:37:26,0.99950000,411.93627,b,l
2025-04-01 13:37:27,0.99950000,407.08580,b,l
2025-04-01 13:37:27,0.99950000,187.04951,b,l
2025-04-01 13:37:27,0.99950000,214.45976,b,l
2025-04-01 13:37:28,0.99950000,396.26298,b,l
2025-04-01 13:37:28,0.99950000,390.93070,b,l
2025-04-01 13:37:29,0.99950000,385.72671,b,l
2025-04-01 13:37:29,0.99950000,380.52949,b,l
2025-04-01 13:37:30,0.99950000,375.30009,b,l
2025-04-01 13:37:30,0.99950000,370.66196,b,l
2025-04-01 13:37:30,0.99950000,365.66818,b,l
2025-04-01 13:37:31,0.99950000,359.34223,b,l
2025-04-01 13:37:31,0.99950000,0.11790,b,l
2025-04-01 13:37:31,0.99950000,360.85872,b,l
2025-04-01 13:37:31,0.99950000,350.76938,b,l
2025-04-01 13:37:32,0.99950000,346.65259,b,l
2025-04-01 13:37:32,0.99950000,2868.94882,b,l
2025-04-01 13:37:32,0.99950000,6.07161,b,l
2025-04-01 13:37:32,0.99950000,340.58098,b,l
2025-04-01 13:37:36,0.99950000,0.11790,b,l
2025-04-01 13:37:36,0.99950000,337.96011,b,l
2025-04-01 13:37:36,0.99950000,338.07801,b,l
2025-04-01 13:37:36,0.99950000,329.63116,b,l
2025-04-01 13:37:37,0.99950000,328.14962,b,l
2025-04-01 13:37:37,0.99950000,324.42643,b,l
2025-04-01 13:37:38,0.99950000,320.77495,b,l
2025-04-01 13:37:38,0.99950000,317.05602,b,l
2025-04-01 13:37:38,0.99950000,313.33608,b,l
2025-04-01 13:37:39,0.99950000,309.95825,b,l
2025-04-01 13:37:39,0.99950000,306.51437,b,l
2025-04-01 13:37:40,0.99950000,303.00723,b,l
2025-04-01 13:37:40,0.99950000,299.66595,b,l
2025-04-01 13:37:41,0.99950000,296.29740,b,l
2025-04-01 13:37:41,0.99950000,292.98710,b,l
2025-04-01 13:37:41,0.99950000,289.85111,b,l
2025-04-01 13:37:42,0.99950000,286.67291,b,l
2025-04-01 13:37:42,0.99950000,4.63330,b,l
2025-04-01 13:37:42,0.99950000,279.21623,b,l
2025-04-01 13:37:43,0.99950000,281.11883,b,l
2025-04-01 13:37:43,0.99950000,278.20862,b,l
2025-04-01 13:37:44,0.99950000,276.11085,b,l
2025-04-01 13:37:44,0.99950000,273.34638,b,l
2025-04-01 13:37:44,0.99950000,270.47903,b,l
2025-04-01 13:37:45,0.99950000,268.71159,b,l
2025-04-01 13:37:45,0.99950000,267.20185,b,l
2025-04-01 13:37:46,0.99950000,266.54276,b,l
2025-04-01 13:37:46,0.99950000,265.09350,b,l
2025-04-01 13:37:47,0.99950000,263.62012,b,l
2025-04-01 13:37:47,0.99950000,236.35024,b,l
2025-04-01 13:37:47,0.99950000,25.61859,b,l
2025-04-01 13:37:47,0.99950000,261.96883,b,l
2025-04-01 13:37:48,0.99950000,256.96651,b,l
2025-04-01 13:37:48,0.99950000,254.74740,b,l
2025-04-01 13:37:49,0.99950000,252.39879,b,l
2025-04-01 13:37:49,0.99950000,250.25194,b,l
2025-04-01 13:37:50,0.99950000,247.85927,b,l
2025-04-01 13:37:50,0.99950000,244.87133,b,l
2025-04-01 13:37:50,0.99950000,242.59573,b,l
2025-04-01 13:37:51,0.99950000,240.34628,b,l
2025-04-01 13:37:51,0.99950000,238.14220,b,l
2025-04-01 13:37:52,0.99950000,235.97337,b,l
2025-04-01 13:37:52,0.99950000,136.25976,b,l
2025-04-01 13:37:52,0.99950000,99.96055,b,l
2025-04-01 13:37:53,0.99950000,234.09897,b,l
2025-04-01 13:37:53,0.99950000,232.11614,b,l
2025-04-01 13:37:53,0.99950000,230.30454,b,l
2025-04-01 13:37:54,0.99950000,228.26029,b,l
2025-04-01 13:37:54,0.99950000,226.36233,b,l
2025-04-01 13:37:55,0.99950000,224.38404,b,l
2025-04-01 13:37:55,0.99950000,222.43014,b,l
2025-04-01 13:37:56,0.99950000,220.50565,b,l
2025-04-01 13:37:56,0.99950000,218.60974,b,l
2025-04-01 13:37:57,0.99950000,216.80166,b,l
2025-04-01 13:37:57,0.99950000,215.13617,b,l
2025-04-01 13:37:57,0.99950000,213.31873,b,l
2025-04-01 13:37:58,0.99950000,128.71105,b,l
2025-04-01 13:37:58,0.99950000,82.81705,b,l
2025-04-01 13:37:58,0.99950000,211.52810,b,l
2025-04-01 13:37:59,0.99950000,207.97551,b,l
2025-04-01 13:37:59,0.99950000,206.25092,b,l
2025-04-01 13:38:00,0.99950000,204.61883,b,l
2025-04-01 13:38:00,0.99950000,204.61883,b,l
2025-04-01 13:38:00,0.99950000,201.31243,b,l
2025-04-01 13:38:01,0.99950000,199.70723,b,l
2025-04-01 13:38:01,0.99950000,198.09888,b,l
2025-04-01 13:38:02,0.99950000,196.53200,b,l
2025-04-01 13:38:02,0.99950000,194.98636,b,l
2025-04-01 13:38:03,0.99950000,193.46178,b,l
2025-04-01 13:38:03,0.99950000,191.96243,b,l
2025-04-01 13:38:03,0.99950000,161.12965,b,l
2025-04-01 13:38:03,0.99950000,29.34094,b,l
2025-04-01 13:38:04,0.99950000,189.10148,b,l
2025-04-01 13:38:04,0.99950000,187.81298,b,l
2025-04-01 13:38:05,0.99950000,186.98692,b,l
2025-04-01 13:38:05,0.99950000,185.64332,b,l
2025-04-01 13:38:06,0.99950000,184.47569,b,l
2025-04-01 13:38:06,0.99950000,183.18729,b,l
2025-04-01 13:38:06,0.99950000,182.00092,b,l
2025-04-01 13:38:07,0.99950000,180.67022,b,l
2025-04-01 13:38:07,0.99950000,179.33914,b,l
2025-04-01 13:38:08,0.99950000,178.02309,b,l
2025-04-01 13:38:08,0.99950000,176.72365,b,l
2025-04-01 13:38:09,0.99950000,172.69436,b,l
2025-04-01 13:38:09,0.99950000,2.77688,b,l
2025-04-01 13:38:09,0.99950000,174.23135,b,l
2025-04-01 13:38:09,0.99950000,172.97903,b,l
2025-04-01 13:38:10,0.99950000,172.56261,b,l
2025-04-01 13:38:10,0.99950000,171.55500,b,l
2025-04-01 13:38:11,0.99950000,170.33376,b,l
2025-04-01 13:38:11,0.99950000,169.12662,b,l
2025-04-01 13:38:12,0.99950000,167.93543,b,l
2025-04-01 13:41:32,0.99950000,371.50027,b,l
2025-04-01 13:41:32,0.99950000,371.50027,b,l
2025-04-01 13:41:32,0.99950000,292.49878,b,l
2025-04-01 13:41:32,0.99950000,12.30712,b,l
2025-04-01 13:41:32,0.99950000,371.50027,b,l
2025-04-01 13:41:32,0.99950000,1851.19261,b,l
2025-04-01 13:41:32,0.99950000,40.67195,b,l
2025-04-01 13:41:33,0.99950000,608.67244,b,l
2025-04-01 13:41:33,0.99950000,608.67244,b,l
2025-04-01 13:41:33,0.99950000,304.83131,b,l
2025-04-01 13:41:33,0.99950000,166.03396,b,l
2025-04-01 13:41:37,0.99950000,0.11790,b,l
2025-04-01 13:41:37,0.99950000,3393.39202,b,l
2025-04-01 13:41:37,0.99950000,121.22930,b,l
2025-04-01 13:42:01,0.99950000,304.94730,b,l
2025-04-01 13:43:05,0.99950000,304.95204,b,l
2025-04-01 13:44:48,0.99950000,874.47934,b,l
2025-04-01 13:44:48,0.99950000,1601.91815,b,l
2025-04-01 13:44:51,0.99950000,1913.08185,b,l
2025-04-01 13:44:51,0.99950000,305.00000,b,l
2025-04-01 13:44:51,0.99950000,305.00000,b,l
2025-04-01 13:44:51,0.99950000,334.29996,b,l
2025-04-01 13:44:51,0.99950000,608.86447,b,l
2025-04-01 13:44:51,0.99950000,608.86447,b,l
2025-04-01 13:44:52,0.99950000,608.86447,b,l
2025-04-01 13:44:52,0.99950000,315.10663,b,l
2025-04-01 13:44:54,0.99950000,608.86447,b,l
2025-04-01 13:44:55,0.99950000,608.86447,b,l
2025-04-01 13:44:55,0.99950000,608.86447,b,l
2025-04-01 13:44:56,0.99950000,608.86447,b,l
2025-04-01 13:44:56,0.99950000,608.86447,b,l
2025-04-01 13:44:57,0.99950000,608.86447,b,l
2025-04-01 13:45:02,0.99950000,1346.81318,b,l
2025-04-01 13:45:02,0.99950000,2167.92604,b,l
2025-04-01 13:45:02,0.99950000,1484.95606,b,l
2025-04-01 13:45:04,0.99950000,0.11790,b,l
2025-04-01 13:45:04,0.99950000,3514.62132,b,l
2025-04-01 13:45:04,0.99950000,1484.37868,b,l
2025-04-01 13:46:01,0.99950000,3514.73922,b,l
2025-04-01 13:50:23,0.99950000,1485.26078,b,l
2025-04-01 13:50:23,0.99950000,2029.47844,b,l
2025-04-01 13:50:23,0.99950000,1484.52156,b,l
2025-04-01 13:50:26,0.99950000,3514.73922,b,l
2025-04-01 13:51:03,0.99950000,1485.00000,b,l
2025-04-01 13:51:03,0.99950000,0.26078,b,l
2025-04-01 13:51:03,0.99950000,863.76417,b,l
2025-04-01 13:51:25,0.99950000,2650.23583,b,l
2025-04-01 13:51:25,0.99950000,864.50339,b,l
2025-04-01 13:51:25,0.99950000,1484.49661,b,l
2025-04-01 13:51:29,0.99950000,3514.73922,b,l
2025-04-01 13:51:34,0.99950000,1485.26078,b,l
2025-04-01 13:51:34,0.99950000,2029.47844,b,l
2025-04-01 13:51:38,0.99950000,1484.52156,b,l
2025-04-01 13:51:38,0.99950000,2030.21766,b,l
2025-04-01 13:52:22,0.99950000,1484.78234,b,l
2025-04-01 13:52:22,0.99950000,670.18713,b,l
2025-04-01 13:52:24,0.99950000,2844.81287,b,l
2025-04-01 13:53:13,0.99950000,2226.17569,b,l
2025-04-01 13:53:26,0.99950000,466.91743,b,l
2025-04-01 13:53:26,0.99950000,2306.90688,b,l
2025-04-01 13:53:26,0.99950000,1207.83234,b,l
2025-04-01 13:53:26,0.99950000,1018.16766,b,l
2025-04-01 13:55:41,0.99950000,2496.17272,b,l
2025-04-01 13:55:46,0.99950000,591.81289,b,l
2025-04-01 13:55:46,0.99950000,591.81289,b,l
2025-04-01 13:55:46,0.99950000,579.83942,b,l
2025-04-01 13:55:46,0.99950000,568.37708,b,l
2025-04-01 13:55:47,0.99950000,557.29183,b,l
2025-04-01 13:55:47,0.99950000,206.50606,b,l
2025-04-01 13:55:47,0.99950000,340.07677,b,l
2025-04-01 13:55:48,0.99950000,536.24044,b,l
2025-04-01 13:55:48,0.99950000,526.23469,b,l
2025-04-01 13:55:49,0.99950000,516.72087,b,l
2025-04-01 13:58:00,0.99950000,576.72723,b,l
2025-04-01 13:58:00,0.99950000,51.02553,b,l
2025-04-01 13:58:00,0.99950000,3514.73922,b,l
2025-04-01 13:58:00,0.99950000,857.23525,b,l
2025-04-01 13:58:34,0.99950000,577.00000,b,l
2025-04-01 13:58:34,0.99950000,2451.51294,b,l
2025-04-01 14:00:00,0.99950000,1971.48706,b,l
2025-04-01 14:00:00,0.99950000,1543.25216,b,l
2025-04-01 14:00:24,0.99950000,1484.74784,b,l
2025-04-01 14:00:24,0.99950000,2029.99138,b,l
2025-04-01 14:00:24,0.99950000,1485.00862,b,l
2025-04-01 14:00:25,0.99950000,3514.00000,b,l
2025-04-01 14:00:30,0.99950000,3514.73922,b,l
2025-04-01 14:00:35,0.99950000,1485.26078,b,l
2025-04-01 14:00:35,0.99950000,2029.47844,b,l
2025-04-01 14:01:09,0.99950000,1484.52156,b,l
2025-04-01 14:01:09,0.99950000,870.21590,b,l
2025-04-01 14:01:34,0.99950000,12.22882,b,l
2025-04-01 14:01:34,0.99950000,5.77798,b,l
2025-04-01 14:01:35,0.99950000,12.23559,b,l
2025-04-01 14:01:35,0.99950000,12.24020,b,l
2025-04-01 14:01:35,0.99950000,12.24480,b,l
2025-04-01 14:01:35,0.99950000,12.24940,b,l
2025-04-01 14:01:35,0.99950000,12.25401,b,l
2025-04-01 14:01:35,0.99950000,12.25862,b,l
2025-04-01 14:01:35,0.99950000,12.26323,b,l
2025-04-01 14:01:35,0.99950000,12.26784,b,l
2025-04-01 14:01:35,0.99950000,12.27245,b,l
2025-04-01 14:01:35,0.99950000,12.27706,b,l
2025-04-01 14:01:35,0.99950000,12.28167,b,l
2025-04-01 14:01:35,0.99950000,12.28629,b,l
2025-04-01 14:01:35,0.99950000,12.29091,b,l
2025-04-01 14:01:35,0.99950000,12.29553,b,l
2025-04-01 14:01:35,0.99950000,12.30016,b,l
2025-04-01 14:01:35,0.99950000,12.30478,b,l
2025-04-01 14:01:35,0.99950000,12.30940,b,l
2025-04-01 14:01:35,0.99950000,12.31403,b,l
2025-04-01 14:01:35,0.99950000,12.31866,b,l
2025-04-01 14:01:35,0.99950000,12.32329,b,l
2025-04-01 14:01:35,0.99950000,12.32793,b,l
2025-04-01 14:01:35,0.99950000,12.33257,b,l
2025-04-01 14:01:35,0.99950000,12.33720,b,l
2025-04-01 14:01:35,0.99950000,12.34184,b,l
2025-04-01 14:01:36,0.99950000,12.34648,b,l
2025-04-01 14:01:36,0.99950000,12.35112,b,l
2025-04-01 14:01:36,0.99950000,12.35577,b,l
2025-04-01 14:01:36,0.99950000,12.36042,b,l
2025-04-01 14:01:36,0.99950000,12.36507,b,l
2025-04-01 14:01:36,0.99950000,12.36972,b,l
2025-04-01 14:01:36,0.99950000,12.37437,b,l
2025-04-01 14:01:36,0.99950000,12.37902,b,l
2025-04-01 14:01:36,0.99950000,12.38367,b,l
2025-04-01 14:01:36,0.99950000,12.38833,b,l
2025-04-01 14:01:36,0.99950000,12.39299,b,l
2025-04-01 14:01:36,0.99950000,12.39765,b,l
2025-04-01 14:01:36,0.99950000,12.40232,b,l
2025-04-01 14:01:36,0.99950000,12.40698,b,l
2025-04-01 14:01:36,0.99950000,12.41164,b,l
2025-04-01 14:01:36,0.99950000,12.41630,b,l
2025-04-01 14:01:36,0.99950000,12.42097,b,l
2025-04-01 14:01:36,0.99950000,12.42564,b,l
2025-04-01 14:01:36,0.99950000,12.43031,b,l
2025-04-01 14:01:36,0.99950000,12.43499,b,l
2025-04-01 14:01:36,0.99950000,12.43967,b,l
2025-04-01 14:01:36,0.99950000,12.44434,b,l
2025-04-01 14:01:36,0.99950000,12.44902,b,l
2025-04-01 14:01:36,0.99950000,12.45370,b,l
2025-04-01 14:01:36,0.99950000,12.45838,b,l
2025-04-01 14:01:48,0.99950000,2021.79097,b,l
2025-04-01 14:01:48,0.99950000,332.20903,b,l
2025-04-01 14:01:48,0.99950000,2022.79097,b,l
2025-04-01 14:01:48,0.99950000,623.00000,b,l
2025-04-01 14:01:53,0.99950000,3514.73922,b,l
2025-04-01 14:01:55,0.99950000,339.42531,b,l
2025-04-01 14:02:01,0.99950000,303.88502,b,l
2025-04-01 14:02:03,0.99950000,300.00695,b,l
2025-04-01 14:02:03,0.99950000,300.00417,b,l
2025-04-01 14:02:03,0.99950000,241.93933,b,l
2025-04-01 14:02:03,0.99950000,58.06474,b,l
2025-04-01 14:02:03,0.99950000,300.00416,b,l
2025-04-01 14:02:04,0.99950000,588.18172,b,l
2025-04-01 14:02:04,0.99950000,283.33509,b,l
2025-04-01 14:02:05,0.99950000,279.75855,b,l
2025-04-01 14:02:05,0.99950000,304.69284,b,l
2025-04-01 14:02:05,0.99950000,359.24515,b,l
2025-04-01 14:02:06,0.99950000,354.02716,b,l
2025-04-01 14:02:06,0.99950000,348.80083,b,l
2025-04-01 14:02:07,0.99950000,343.84895,b,l
2025-04-01 14:02:07,0.99950000,338.98460,b,l
2025-04-01 14:02:07,0.99950000,295.05621,b,l
2025-04-01 14:02:07,0.99950000,66.71727,b,l
2025-04-01 14:02:07,0.99950000,361.77329,b,l
2025-04-01 14:02:11,0.99950000,139.22059,b,l
2025-04-01 14:02:14,0.99950000,18.00000,b,l
2025-04-01 14:02:15,0.99950000,325.21529,b,l
2025-04-01 14:02:15,0.99950000,2408.07356,b,l
2025-04-01 14:02:15,0.99950000,1902.88333,b,l
2025-04-01 14:02:15,0.99950000,206.11667,b,l
2025-04-01 14:02:16,0.99950000,323.76726,b,l
2025-04-01 14:02:16,0.99950000,22.39713,b,l
2025-04-01 14:02:16,0.99950000,323.76726,b,l
2025-04-01 14:02:16,0.99950000,314.90134,b,l
2025-04-01 14:02:17,0.99950000,310.77626,b,l
2025-04-01 14:02:17,0.99950000,361.77014,b,l
2025-04-01 14:02:17,0.99950000,310.71256,b,l
2025-04-01 14:02:17,0.99950000,361.76680,b,l
2025-04-01 14:02:17,0.99950000,259.72192,b,l
2025-04-01 14:02:17,0.99950000,621.48585,b,l
2025-04-01 14:02:17,0.99950000,102.04487,b,l
2025-04-01 14:02:21,0.99950000,12.38330,b,l
2025-04-01 14:02:21,0.99950000,12.38588,b,l
2025-04-01 14:02:21,0.99950000,12.38846,b,l
2025-04-01 14:02:21,0.99950000,12.39104,b,l
2025-04-01 14:02:21,0.99950000,12.39362,b,l
2025-04-01 14:02:21,0.99950000,12.39620,b,l
2025-04-01 14:02:21,0.99950000,12.39878,b,l
2025-04-01 14:02:21,0.99950000,12.40136,b,l
2025-04-01 14:02:21,0.99950000,12.40394,b,l
2025-04-01 14:02:21,0.99950000,12.40652,b,l
2025-04-01 14:02:21,0.99950000,12.40910,b,l
2025-04-01 14:02:21,0.99950000,12.41168,b,l
2025-04-01 14:02:21,0.99950000,12.41426,b,l
2025-04-01 14:02:21,0.99950000,12.41684,b,l
2025-04-01 14:02:21,0.99950000,12.41942,b,l
2025-04-01 14:02:21,0.99950000,12.42201,b,l
2025-04-01 14:02:21,0.99950000,12.42460,b,l
2025-04-01 14:02:21,0.99950000,12.42719,b,l
2025-04-01 14:02:21,0.99950000,12.42978,b,l
2025-04-01 14:02:21,0.99950000,12.43237,b,l
2025-04-01 14:02:21,0.99950000,12.43496,b,l
2025-04-01 14:02:21,0.99950000,1426.29730,b,l
2025-04-01 14:02:21,0.99950000,3312.95261,b,l
2025-04-01 14:02:21,0.99950000,0.04739,b,l
2025-04-01 14:04:11,0.99950000,64.15161,b,l
2025-04-01 14:06:39,0.99950000,3514.73922,b,l
2025-04-01 14:06:39,0.99950000,1421.10917,b,l
2025-04-01 14:06:39,0.99950000,64.00000,b,l
2025-04-01 14:06:44,0.99950000,3514.73922,b,l
2025-04-01 14:06:44,0.99950000,1484.41239,b,l
2025-04-01 14:07:29,0.99950000,0.84839,b,l
2025-04-01 14:07:29,0.99950000,3513.89083,b,l
2025-04-01 14:07:53,0.99950000,1485.10917,b,l
2025-04-01 14:07:53,0.99950000,2013.41728,b,l
2025-04-01 14:07:58,0.99950000,1002.68465,b,l
2025-04-01 14:07:58,0.99950000,497.89807,b,l
2025-04-01 14:07:58,0.99950000,138.02469,b,l
2025-04-01 14:08:00,0.99950000,65.21863,b,l
2025-04-01 14:08:00,0.99950000,635.93462,b,l
2025-04-01 14:08:00,0.99950000,635.93462,b,l
2025-04-01 14:08:04,0.99950000,635.90088,b,l
2025-04-01 14:08:05,0.99950000,32.60927,b,l
2025-04-01 14:08:05,0.99950000,635.90013,b,l
2025-04-01 14:08:05,0.99950000,635.90013,b,l
2025-04-01 14:08:06,0.99950000,83.57703,b,l
2025-04-01 14:08:06,0.99950000,552.32310,b,l
2025-04-01 14:08:06,0.99950000,635.90013,b,l
2025-04-01 14:08:07,0.99950000,450.77677,b,l
2025-04-01 14:08:07,0.99950000,185.12336,b,l
2025-04-01 14:08:07,0.99950000,635.90013,b,l
2025-04-01 14:08:10,0.99950000,515.97651,b,l
2025-04-01 14:08:10,0.99950000,2998.76271,b,l
2025-04-01 14:08:11,0.99950000,1485.12812,b,l
2025-04-01 14:09:16,0.99950000,0.10917,b,l
2025-04-01 14:09:16,0.99950000,1137.34032,b,l
2025-04-01 14:09:17,0.99950000,635.76339,b,l
2025-04-01 14:09:17,0.99950000,635.76367,b,l
2025-04-01 14:09:40,0.99950000,37.68495,b,l
2025-04-01 14:09:40,0.99950000,37.69369,b,l
2025-04-01 14:09:40,0.99950000,37.70243,b,l
2025-04-01 14:09:40,0.99950000,37.71118,b,l
2025-04-01 14:09:40,0.99950000,37.71993,b,l
2025-04-01 14:09:40,0.99950000,37.72868,b,l
2025-04-01 14:09:40,0.99950000,37.73743,b,l
2025-04-01 14:09:41,0.99950000,37.74618,b,l
2025-04-01 14:09:41,0.99950000,37.75494,b,l
2025-04-01 14:09:41,0.99950000,37.76370,b,l
2025-04-01 14:09:41,0.99950000,37.77246,b,l
2025-04-01 14:09:41,0.99950000,37.78122,b,l
2025-04-01 14:09:41,0.99950000,37.78998,b,l
2025-04-01 14:09:41,0.99950000,37.79875,b,l
2025-04-01 14:09:41,0.99950000,37.80752,b,l
2025-04-01 14:09:41,0.99950000,37.81629,b,l
2025-04-01 14:09:41,0.99950000,37.82506,b,l
2025-04-01 14:09:41,0.99950000,37.83383,b,l
2025-04-01 14:09:41,0.99950000,13.42977,b,l
2025-04-01 14:09:51,0.99950000,1897.03463,b,l
2025-04-01 14:09:51,0.99950000,446.81376,b,l
2025-04-01 14:09:51,0.99950000,1962.18624,b,l
2025-04-01 14:09:51,0.99950000,629.81376,b,l
2025-04-01 14:10:38,0.99950000,63.18624,b,l
2025-04-01 14:10:38,0.99950000,3451.55298,b,l
2025-04-01 14:10:38,0.99950000,1484.44702,b,l
2025-04-01 14:10:43,0.99950000,2944.63676,b,l
2025-04-01 14:10:43,0.99950000,2055.17700,b,l
2025-04-01 14:10:48,0.99950000,0.18624,b,l
2025-04-01 14:10:48,0.99950000,640.09129,b,l
2025-04-01 14:10:48,0.99950000,640.27753,b,l
2025-04-01 14:10:48,0.99950000,640.27753,b,l
2025-04-01 14:10:49,0.99950000,640.27753,b,l
2025-04-01 14:10:51,0.99950000,640.35405,b,l
2025-04-01 14:10:51,0.99950000,640.35405,b,l
2025-04-01 14:10:51,0.99950000,640.34766,b,l
2025-04-01 14:10:51,0.99950000,517.02036,b,l
2025-04-01 14:10:53,0.99950000,763.68123,b,l
2025-04-01 14:10:53,0.99950000,640.34756,b,l
2025-04-01 14:10:53,0.99950000,640.39731,b,l
2025-04-01 14:10:53,0.99950000,640.34756,b,l
2025-04-01 14:10:53,0.99950000,640.34117,b,l
2025-04-01 14:10:53,0.99950000,394.01020,b,l
2025-04-01 14:10:53,0.99950000,246.38721,b,l
2025-04-01 14:10:54,0.99950000,393.90411,b,l
2025-04-01 14:10:54,0.99950000,246.49374,b,l
2025-04-01 14:10:54,0.99950000,147.40993,b,l
2025-04-01 14:10:54,0.99950000,99.08381,b,l
2025-04-01 14:10:54,0.99950000,48.32612,b,l
2025-04-01 14:10:54,0.99950000,50.75769,b,l
2025-04-01 14:10:55,0.99950000,48.32612,b,l
2025-04-01 14:10:57,0.99950000,0.18624,b,l
2025-04-01 14:10:57,0.99950000,640.19032,b,l
2025-04-01 14:10:57,0.99950000,640.37656,b,l
2025-04-01 14:10:58,0.99950000,640.37656,b,l
2025-04-01 14:10:58,0.99950000,640.37656,b,l
2025-04-01 14:10:59,0.99950000,640.37656,b,l
2025-04-01 14:10:59,0.99950000,1797.30344,b,l
2025-04-01 14:11:02,0.99950000,3514.73922,b,l
2025-04-01 14:11:05,0.99950000,640.32765,b,l
2025-04-01 14:11:06,0.99950000,204.41924,b,l
2025-04-01 14:11:06,0.99950000,435.90841,b,l
